% This is an example .bib file for paper citations.

% Citation for a paper in a conference proceedings.
@inproceedings{nesc-pldi03,
  title={The {nesC} Language: {A} Holistic Approach to Networked Embedded 
  Systems}, 
  author="David Gay and Phil Levis and Rob von Behren and Matt Welsh and 
  Eric Brewer and David Culler", 
  booktitle=proc # " Programming Language Design and Implementation (PLDI)",
  month="June", year=2003}

% Citation for a journal paper.
@article{shewchuk-delaunay,
  author="Jonathan Shewchuk",
  title="Delaunay Refinement Algorithms for Triangular Mesh Generation",
  journal="Computational Geometry: Theory and Applications",
  volume="22", number="1-3", pages="21-74", month="May", year="2002"}

% Citation for a tech report.
@techreport{irisnet-tr,
  title="{IrisNet}: {A}n Architecture for Enabling Sensor-Enriched {I}nternet Service",
  author="Suman Nath and Yan Ke and Phillip B. Gibbons and Brad Karp and Srinivasan Seshan",
  institution="Intel Research Pittsburgh",
  number="IRP-TR-03-04", month="June", year="2003"}

% Citation for a book.
@book{mpi-book,
  author="William Gropp and Ewing Lusk and Anthony Skjellum", 
  title={{Using MPI: Portable Parallel Programming with the Message 
  Passing Interface}}, 
  publisher="MIT Press", 
  address="Cambridge, Massachusetts", 
  year="1994"}

% Citation for a Web site, company, or other document that does not
% fit one of the above.
@misc{estrin-contaminant,
  author={{Center for Embedded Network Sensing}},
  title="Contaminant Transport Monitoring",
  howpublished={\url{http://cens.ucla.edu/Research/Applications/ctm.htm}}}


%%%%%%%%%%%%%%%%%%%%%%%%%%%%%%%%%%%%%%%%%%%%%%%%%%%%%%%%%%%%%%%%%%%%%%%%%%%%%%%%%%%%%%%%%%%%%%%%

@article{a90,
  author="L. F. Abbott",
  title="A Network of Oscillators",
  journal="Physics A: Mathematical and General",
  volume="23", number="", pages="3835-3859", month="", year="1990"}

@article{g96,
  author="W. Gerstner",
  title="Rapid Phase Locking in Systems of Pulse-coupled Oscillators with Delays",
  journal="Physics Reveiw Letters",
  volume="76", number="10", pages="", month="March", year="1996"}


@book{peskin75,
  title="Mathematical Aspects of Heart Physiology",
  author="C. S. Peskin",
  institution="Courant Institute of Mathematical Sciences",
  publisher="New York University", 
  address="New York", 
  year="1975",
  pages="268-278"}


@inproceedings{ lw04,
    author = "D. Lucarelli and I. Wang",
    title = "Decentralized Synchronization Protocols with Nearest Neighbor Communication",
    booktitle = {Second ACM Conference on Embedded Networked Sensor Systems},
    month = {November},
    year = {2004}
}



@inproceedings{ sb03,
    author = "L. Sacks and M. Britton and I. Wokoma and A. Marbini and T. Adebutu and I. Marshall and C. Roadknight and J. Tateson and D. Robinson",
    title = "The Development of a Robust, Autonomous Sensor Network Platform for Environmental Monitoring",
    booktitle = {Sensors and their Applications XII},
    month = {September},
    year = {2003}
}

@inproceedings{ wl02,
    author = "I. Wokoma and I. Liabotis and O. Prnjat and L. Sacks and I. Marshall",
    title = "A weakly coupled adaptive gossip protocol for application level active networks",
    booktitle = {IEEE 3rd Interna-tional Workshop on Policies for Distributed Systems and Networks},
    month = {},
    year = {2002}
}


@techreport{vig92,
  title="Introduction to Quartz Frequency Standards",
  author="J. R. Vig",
  institution="Army Research Laboratory, Electronic and Power Sources Directorate",
  number="SLCET-TR-91-1", month="October", year="2002"}
}


@inproceedings{ wm04,
    author = "N. Wakamiya and M Murata",
    title = "Scalable and robust scheme for data fusion in sensor networks",
    booktitle = {First International Workshop on Biologically Inspired Approaches to Advanced Information Technology},
    month = {January},
    year = {2004}
}


@inproceedings{ hdb04,
    author = "B. Holhlt and L. Doherty and E. Brewer",
    title = "Flexible Power Scheduling for Sensor Networks",
    booktitle = {Information Processing in Sensor Networks},
    month = {April},
    year = {2004}
}

@inproceedings{hill00,
    author = "J. Hill and R. Szewczyk and A. Woo and S. Hollar and D. Culler and K. Pister",
    title = "System architecture directions for networked sensors",
    booktitle = {IX ACM Architectural Support for Programming Languages and Operating Systems},
    month = {November},
    year = {2000}
}

@inproceedings{ rbs02,
    author = "J. Elson and L. Girod and D. Estrin",
    title = "Fine-Grained Network Time Synchronization using Reference Broadcasts",
    booktitle = {Fifth Symposium on Operating Systems Design and Implementation},
    month = {December},
    year = {2002}
}

@inproceedings{ ige00,
    author = "C. Itanagonwiwat and R. Govindan and D. Estrin",
    title = "A Scalable Robust Communication Paradigm for Sensor Networks",
    booktitle = {Sixth Annual Internation Conference on Mobile Computing and Networking},
    month = {August},
    year = {2000}
}

@inproceedings{ ce01,
    author = "A. Cerpa and J. Elson and D. Estrin and L. Girod and M. Hamilton and J. Zhao",
    title = "Habitat Monitoring: Application Driver for Wireless Communications Technology",
    booktitle = {ACM SIGCOMM Workshop on Data Communications in Latin America and the Caribbean},
    month = {April},
    year = {2001}
}

@inproceedings{ sml04,
    author = "G. Simon and M. Maroti and A. Ledeczi and G. Balogh and B. Kusy and A. Nadas and G. Pap and J. Sallai and K. Frampton",
    title = "Sensor Network-Based Countersniper System",
    booktitle = {ACM Second International COnference on Embedded Networked Sensor Systems },
    month = {November},
    year = {2004}
}

@inproceedings{ ge01,
    author = "L. Girod and D. Estrin",
    title = "Robust Range Estimation Using Acoustic and Multimodal Sensing",
    booktitle = {IEEE/RSJ International Conference on Intelligent Robots and Systems},
    month = {March},
    year = {2001}
}

@inproceedings{ wym02,
    author = "H. Wang and L. Yip and D. Maniezzo and J.C Chen and R.E Hudson and J. Elson and K. Yao",
    title = "A Wireless Time-Synchronized COST Sensor Platform PartII-Applications to Beamforming",
    booktitle = {IEEE CAS Workshop on Wireless Communications and Networking},
    month = {September},
    year = {2002}
}

@inproceedings{ ad98,
    author = "G. Asada and M. Dong and T.S. Lin and F. Newberg and G. Pottie and W.J. Kaiser and H.O. Marcey",
    title = "Wireless Integrated Network Sensors: Low Power Systems on a Chip",
    booktitle = {European Solid State Circuits Conference},
    month = {},
    year = {1998}
}

@InCollection{mills94,
  author =    {D. L. Mills},
  title =     {Internet Time Synchronization: The Network Time Protocol},
  booktitle = {Global States and Time in Distributed Systems},
  publisher = {IEEE Computer Society Press},
  editor =   {Z. Yang and T. A. Marshland},
  year = {1994}
}

@inproceedings{ ,
    author = "D. L. Mills",
    title = "Internet Time Synchronization: The Network Time Protocol",
    booktitle = {Fifth Symposium on Operating Systems Design and Implementatio},
    month = {December},
    year = {2002}
}


@inproceedings{ ogts03,
    author = "R. Karp and J. Elson and D. Estrin and S. Shenker",
    title = "Optimal and Global Time Synchronization in Sensornets",
    booktitle = {Technical Report},
    month = {December},
    year = {2003}
}


@inproceedings{ tsrbc03,
    author = "Y. Hong and A. Scaglione",
    title = "Time Synchronization and Reach-Back Communications with Pulse-Coupled Oscillators for UWB Wireless Ad Hoc Networks",
    booktitle = {IEEE Conference on Ultra Wideband Systems and Technologies},
    month = {November},
    year = {2003}
}

@inproceedings{ ftsp04,
    author = "M. Maroti and B. Kusy and G. Simon and A. Ledeczi",
    title = "The Flooding Time Synchronization Protocol",
    booktitle = {Second ACM Conference on Embedded Networked Sensor Systems},
    month = {November},
    year = {2004}
}

@inproceedings{ ssp03,
    author = "Y. Hong and A. Scaglione",
    title = "A Scalable Synchronization Protocol for Large Scale Sensor Networks and Its Applications",
    booktitle = {IEEE Journal on Selected Areas in Communication},
    month = {November},
    year = {2003}
}

@inproceedings{ tpsn03,
    author = "S. Ganeriwal and R. Kumar and M. Srivastava",
    title = "Timing-sync Protocol for Sensor Networks",
    booktitle = {ACM Conference on Embedded Networked Sensor Systems, Sensys'03},
    month = {November},
    year = {2003}
}

@inproceedings{ wsn02,
    author = "J. Elson and K. Romer",
    title = "Wireless Sensor Networks: A New Regime for Time Synchronization",
    booktitle = {First Workshop on Hot Topics in Networks},
    month = {October},
    year = {2002}
}

@inproceedings{ tsan01,
    author = "K. Romer",
    title = "Time Synchronization in Ad Hoc Networks",
    booktitle = {ACM Symposium on Mobile Ad Hoc Networking and Computing, MobiHoc'01},
    month = {October},
    year = {2001}
}

@inproceedings{ hcs04,
    author = "Y. Hong and L. Cheow and A. Scaglione",
    title = "A Simple Method to Reach Detection Consensus in Massively Distributed Sensor Networks",
    booktitle = {IEEE International Symposium on Information Theory, ISIT'04},
    month = {June},
    year = {2004}
}

@inproceedings{ aots03,
    author = "A. Hu and S. Servetto",
    title = "Asymptotically Optimal Time Synchronization in Dense Sensor Networks",
    booktitle = {Workshop on Wireless Sensor Networks and Applications, (WSNA'03)},
    month = {September},
    year = {2003}
}

@article{ ms90,
    author = "R. Mirollo and S. Strogatz",
    title = "Synchronization of Pulse-Coupled Biological Oscillators",
    journal = "Society for Industrial and Applied Mathematics",
    volume = "50",
    number = "6",
    pages = "1645--1662",
    year = "1990"}





