

@inproceedings{ rbs02,
    author = "J. Elson and L. Girod and D. Estrin",
    title = "Fine-Grained Network Time Synchronization using Reference Broadcasts",
    booktitle = {Fifth Symposium on Operating Systems Design and Implementation},
    month = {December},
    year = {2002}
}

@InCollection{mills94,
  author =    {D. L. Mills},
  title =     {Internet Time Synchronization: The Network Time Protocol},
  booktitle = {Global States and Time in Distributed Systems},
  publisher = {IEEE Computer Society Press},
  editor =   {Z. Yang and T. A. Marshland},
  year = {1994}
}

@inproceedings{ ,
    author = "D. L. Mills",
    title = "Internet Time Synchronization: The Network Time Protocol",
    booktitle = {Fifth Symposium on Operating Systems Design and Implementatio},
    month = {December},
    year = {2002}
}


@inproceedings{ ogts03,
    author = "R. Karp and J. Elson and D. Estrin and S. Shenker",
    title = "Optimal and Global Time Synchronization in Sensornets",
    booktitle = {Technical Report},
    month = {December},
    year = {2003}
}


@inproceedings{ tsrbc03,
    author = "Y. Hong and A. Scaglione",
    title = "Time Synchronization and Reach-Back Communications with Pulse-Coupled Oscillators for UWB Wireless Ad Hoc Networks",
    booktitle = {IEEE Conference on Ultra Wideband Systems and Technologies},
    month = {November},
    year = {2003}
}

@inproceedings{ ftsp04,
    author = "M. Maroti and B. Kusy and G. Simon and A. Ledeczi",
    title = "The Flooding Time Synchronization Protocol",
    booktitle = {To be presented at Second ACM Conference on Embedded Networked Sensor Systems},
    month = {November},
    year = {2004}
}

@inproceedings{ ssp03,
    author = "Y. Hong and A. Scaglione",
    title = "A Scalable Synchronization Protocol for Large Scale Sensor Networks and Its Applications",
    booktitle = {IEEE Journal on Selected Areas in Communication},
    month = {November},
    year = {2003}
}

@inproceedings{ tpsn03,
    author = "S. Ganeriwal and R. Kumar and M. Srivastava",
    title = "Timing-sync Protocol for Sensor Networks",
    booktitle = {ACM Conference on Embedded Networked Sensor Systems, Sensys'03},
    month = {November},
    year = {2003}
}

@inproceedings{ wsn02,
    author = "J. Elson and K. Romer",
    title = "Wireless Sensor Networks: A New Regime for Time Synchronization",
    booktitle = {First Workshop on Hot Topics in Networks},
    month = {October},
    year = {2002}
}

@inproceedings{ tsan01,
    author = "K. Romer",
    title = "Time Synchronization in Ad Hoc Networks",
    booktitle = {ACM Symposium on Mobile Ad Hoc Networking and Computing, MobiHoc'01},
    month = {October},
    year = {2001}
}

@inproceedings{ smrdc02,
    author = "Y. Hong and L. Cheow and A. Scaglione",
    title = "A Simple Method to Reach Detection Consensus in Massively Distributed Sensor Networks",
    booktitle = {IEEE International Symposium on Information Theory, ISIT'04},
    month = {June},
    year = {2004}
}

@inproceedings{ aots03,
    author = "A. Hu and S. Servetto",
    title = "Asymptotically Optimal Time Synchronization in Dense Sensor Networks",
    booktitle = {Workshop on Wireless Sensor Networks and Applications, (WSNA'03)},
    month = {September},
    year = {2003}
}

@article{ ms90,
    author = "R. Mirollo and S. Strogatz",
    title = "Synchronization of Pulse-Coupled Biological Oscillators",
    journal = "Society for Industrial and Applied Mathematics",
    volume = "50",
    number = "6",
    pages = "1645--1662",
    year = "1990"}












@inproceedings{ saroiu02analysis,
    author = "S. Saroui and K. P. Gummadi and R. J. Dunn and S. D. Gribble and H. Levy",
    title = "An Analysis of Internet Content Delivery Systems",
    booktitle = {Fifth Symposium on Operating Systems Design and Implementation},
    month = {December},
    year = {2002}
}

@inproceedings{ caceres98web,
    author = "R. Caceres and F. Douglis and A. Feldmann and G. Glass and M. Rabinovich",
    title = "Web Proxy Caching: The Devil is in the Details",
    booktitle = {Workshop on Internet Server Performance},
    month = {June},
    year = {1998}
}

@inproceedings{ cao98active,
    author = "P. Cao and J. Zhang and K. Beach",
    title = "Active Cache: Caching Dynamic Contents on the Web",
    booktitle = {IFIP International Conference on Distributed Systems Platforms and Open Distributed Processing},
    month = {September},
    year = {1998}
}

@inproceedings{ http,
    title = "Hypertext transfer protocol -http 1.1. RFC 2068",
    booktitle = {Internet Engineering Task Force},
    month = {March},
    year = {1997}
}

@inproceedings{ p2p02,
    author = "B. Yang and H. Garcia Molina",
    title = "Efficient search in peer-to-peer networks",
    booktitle = {22nd Int. Conference on Distributed Computing Systems},
    month = {July},
    year = {2002}
}

@inproceedings{ williams96removal,
    author = "S. Williams and M. Abrams and C. R. Standbridge and G. Abdulla and E. A. Fox",
    title = "Removal Policies in Network Caches for World-Wide Web Documents",
    booktitle = {{ACM} Sigcomm96},
    month = {August},
    year = {1996}
}

@inproceedings{ abrams95caching,
    author = "M. Abrams and C. R. Standbridge and G. Abdulla and S. Williams and E. A. Fox",
    title = "Caching Proxies: Limitations and Potentials",
    booktitle = {{WWW-4} Boston Conference},
    month = {December},
    year = {1995}
}

@inproceedings{ gnutella01,
    author = "Clip2",
    title = "The Gnutella Protocol Specification v.0.4",
    booktitle = {http://www.clip2.com},
    month = {March},
    year = {2001}
}

@inproceedings{ napster,
    author = "Napster",
    title = "http://www.napster.com",
}

@inproceedings{ kazaa,
    author = "KaZaA",
    title = "http://www.kazaa.com",
}

@inproceedings{ cao97cost,
    author = "P. Cao and S. Irani",
    title = "Cost-Aware {WWW} Proxy Caching Algorithms",
    booktitle = {{USENIX} Symposium on Internet Technologies and Systems},
    year = {1997}
}

@inproceedings{ lorenzetti97,
    author = "P. Lorenzetti and L. Rizzo and L. Vicisano",
    title = "Replacement Policies for a Proxy Cache",
    booktitle = {http://www.iet.unipi.it/~luigi/research.html},
    year = {1997}
}

@inproceedings{ wooster97,
    author = "R. Wooster and M. Abrams",
    title = "Proxy Caching the Estimates Page Load Delays",
    booktitle = {6th International World Wide Web Conference},
    month = {April},
    year = {1997}
}


@inproceedings{ breslau99web,
    author = "Lee Breslau and Pei Cao and Li Fan and Graham Phillips and Scott Shenker",
    title = "Web Caching and Zipf-like Distributions: Evidence and Implications",
    booktitle = "INFOCOM",
    pages = "126-134",
    year = "1999",
    url = "citeseer.nj.nec.com/breslau98web.html" }

@inproceedings{ hazelwood03generational,
    author = "Kim Hazelwood and Michael D. Smith",
    title = "Generational Cache Management of Code Traces in Dynamic Optimization Systems",
    booktitle = {36th International Symposium on Microarchitecture},
    month = {December},
    year = {2003}
}

