%@string{proc = "Proceedings of "}
%@string{sosp = "{ACM} Symposium on Operating Systems Principles"}
%@string{osdi = "{USENIX} Symposium on Operating Systems Design and Implementation"}
@string{proc = "Proc. "}
@string{sosp = "SOSP"}
@string{osdi = "OSDI"}

%% BEGIN Added for firefly paper

@book{peskin75,
  title="Mathematical Aspects of Heart Physiology",
  author="C. S. Peskin",
  institution="Courant Institute of Mathematical Sciences",
  publisher="New York University", 
  address="New York", 
  year="1975",
  pages="268-278"}


@article{strogatz,
    author = "R. Mirollo and S. Strogatz",
    title = "Synchronization of Pulse-Coupled Biological Oscillators",
    journal = "Society for Industrial and Applied Mathematics",
    volume = "50",
    number = "6",
    pages = "1645--1662",
    year = "1990"}

@inproceedings{lucarelli04,
    author = "D. Lucarelli and I. Wang",
    title = "Decentralized Synchronization Protocols with Nearest Neighbor Communication",
    booktitle = {Second ACM Conference on Embedded Networked Sensor Systems},
    month = {November},
    year = {2004}
}

@inproceedings{tsrbc03,
    author = "Y. Hong and A. Scaglione",
    title = "Time Synchronization and Reach-Back Communications with Pulse-Coupled Oscillators for UWB Wireless Ad Hoc Networks",
    booktitle = {IEEE Conference on Ultra Wideband Systems and Technologies},
    month = {November},
    year = {2003}
}

@inproceedings{ssp03,
    author = "Y. Hong and A. Scaglione",
    title = "A Scalable Synchronization Protocol for Large Scale Sensor Networks and Its Applications",
    booktitle = {IEEE Journal on Selected Areas in Communication},
    month = {November},
    year = {2003}
}

@inproceedings{hcs04,
    author = "Y. Hong and L. Cheow and A. Scaglione",
    title = "A Simple Method to Reach Detection Consensus in Massively Distributed Sensor Networks",
    booktitle = {IEEE International Symposium on Information Theory, ISIT'04},
    month = {June},
    year = {2004}
}

@inproceedings{wl02,
    author = "I. Wokoma and I. Liabotis and O. Prnjat and L. Sacks and I. Marshall",
    title = "A weakly coupled adaptive gossip protocol for application level active networks",
    booktitle = {IEEE 3rd Interna-tional Workshop on Policies for Distributed Systems and Networks},
    month = {},
    year = {2002}
}

@inproceedings{wm04,
    author = "N. Wakamiya and M Murata",
    title = "Scalable and robust scheme for data fusion in sensor networks",
    booktitle = {First International Workshop on Biologically Inspired Approaches to Advanced Information Technology},
    month = {January},
    year = {2004}
}

@inproceedings{ ftsp,
    author = "M. Maroti and B. Kusy and G. Simon and A. Ledeczi",
    title = "The Flooding Time Synchronization Protocol",
    booktitle = {Second ACM Conference on Embedded Networked Sensor Systems},
    month = {November},
    year = {2004}
}

@inproceedings{ rbs,
    author = "J. Elson and L. Girod and D. Estrin",
    title = "Fine-Grained Network Time Synchronization using Reference Broadcasts",
    booktitle = {Fifth Symposium on Operating Systems Design and Implementation},
    month = {December},
    year = {2002}
}

%% END Added for firefly paper

@MISC(ejb,  AUTHOR = {{Sun Microsystems Inc.}},
  TITLE = {{Enterprise {J}ava Beans Technology}}, 
  HOWPUBLISHED = {\url{http://java.sun.com/products/ejb/}})

@MISC(voyager,  
  AUTHOR = {{ObjectSpace Inc.}},
  TITLE = {{ObjectSpace Voyager}},
  HOWPUBLISHED = {\url{http://www.objectspace.com/Products/voyager1.htm}})

@MISC(ninja,  
  AUTHOR = {{UC Berkeley Ninja Project}},
  TITLE = {{The UC Berkeley Ninja Project}},
  HOWPUBLISHED = {\url{http://ninja.cs.berkeley.edu}})

@MISC(jini,  AUTHOR = {{Sun Microsystems Inc.}},
  TITLE = {{Jini Connection Technology}},
  HOWPUBLISHED = {\url{http://www.sun.com/jini/}})

@INPROCEEDINGS(multispace,
  AUTHOR = "Steven D. Gribble and Matt Welsh and David Culler and Eric Brewer",
  TITLE = "{MultiSpace}: {A}n Evolutionary Platform for Infrastructural Services",
  BOOKTITLE = proc # "the 16th USENIX Annual Technical Conference", 
  ADDRESS = {Monterey, California}, 
  YEAR = {1999})

@INPROCEEDINGS(javelin,
  AUTHOR = "B. Christiansen and P. Cappello and M. F. Ionescu and M. O. Neary and K. E. Schauser and D. Wu",
  TITLE = "Javelin: {I}nternet-Based Parallel Computing Using {J}ava",
  BOOKTITLE = "1997 ACM Workshop on {J}ava for Science and Engineering Computation", 
  YEAR = {1997},
  NOTE = {\url{http://www.cs.ucsb.edu/~schauser/papers/97-javelin.pdf}})

@INPROCEEDINGS(ninflet,
  AUTHOR = "Hiromitsu Takagi and Satoshi Matsuoka and Hidemoto Nakada and Satoshi Sekiguchi and Mitsuhisa Satoh and Umpei Nagashima",
  TITLE = "Ninflet: {A} Migratable Parallel Objects Framework using {J}ava",
  BOOKTITLE = "ACM 1998 Workshop on {J}ava for High-Performance Network Computing", 
  YEAR = {1998},
  NOTE = {\url{http://www.cs.ucsb.edu/conferences/java98/papers/ninflet.pdf}})

@INPROCEEDINGS(river,
  AUTHOR = "R. Arpaci-Dusseau and E. Anderson and N. Treuhaft and D. Culler and J. Hellerstein and D. Patterson and K. Yelick", 
  TITLE = "Cluster {I/O} with {R}iver: {M}aking the Fast Case Common",
  BOOKTITLE = "IOPADS '99",
  YEAR = {1999},
  NOTE = {\url{http://www.cs.berkeley.edu/~remzi/Postscript/river.ps}})

@MISC(jni,  
  AUTHOR = {{Sun Microsystems Inc.}},
  TITLE = {{{J}ava Native Interface Specification}},
  HOWPUBLISHED = {\url{http://java.sun.com/products/jdk/1.2/docs/guide/jni/index.html}})

@MISC(hotspot,  
  AUTHOR = {{Sun Microsystems Inc.}},
  TITLE = {{{J}ava {H}ot{S}pot Performance Engine}},
  HOWPUBLISHED = {\url{http://java.sun.com/products/hotspot/index.html}})

@MISC(now,
  AUTHOR = {{UC Berkeley NOW Project}},
  TITLE = {{The UC Berkeley Network of Workstations Project}},
  HOWPUBLISHED = {\url{http://now.cs.berkeley.edu}})

@MISC(visualage,
  AUTHOR = {{IBM Corporation}},
  TITLE = {{IBM VisualAge for {J}ava}},
  HOWPUBLISHED = {\url{http://www.software.ibm.com/ad/vajava/}})

@MISC(toba,
  AUTHOR = {{University of Arizona Sumatra Project}},
  TITLE = {{Toba: {A} {J}ava-to-{C} Compiler}},
  HOWPUBLISHED = {\url{http://www.cs.arizona.edu/sumatra/toba/}})

@MISC(jaws,
  AUTHOR = "A. Woo and Z. Mao and H. So",
  TITLE = {{The Berkeley {JAWS} Project}},
  HOWPUBLISHED = {\url{http://www.cs.berkeley.edu/~awoo/cs262/jaws.html}})

@INPROCEEDINGS(javaparty,
  AUTHOR = "Michael Philippsen and Matthias Zenger",
  TITLE = "{J}ava{P}arty - Transparent Remote Objects in {J}ava",
  BOOKTITLE = "Concurrency: Practice and Experience, 9(11):1225-1242",
  MONTH = {November},
  YEAR = {1997})

@INPROCEEDINGS(titanium,
   AUTHOR = "Yelick and Semenzato and Pike and Miyamoto and Liblit and Krishnamurthy and Hilfinger and Graham and Gay and Colella and Aiken", 
   TITLE = "Titanium: {A} High-Performance {J}ava Dialect",
   BOOKTITLE = "ACM 1998 Workshop on {J}ava for High-Performance Network Computing", 
   MONTH = {February}, YEAR = {1998})

@MISC(via,
  AUTHOR = {{The VIA Consortium}},
  TITLE = {{The Virtual Interface Architecture}},
  HOWPUBLISHED = {\url{http://www.viarch.org}})


@INPROCEEDINGS(berkeley-via,
   AUTHOR = "P. Buonadonna and A. Geweke and D. Culler",
   TITLE = "An Implementation and Analysis of the {V}irtual {I}nterface {A}rchitecture",
   BOOKTITLE = proc # "SC'98",
   MONTH = {November}, YEAR = {1998})

@INPROCEEDINGS(am2,
  AUTHOR = "B. Chun and A. Mainwaring and D. Culler",
  TITLE = "Virtual Network Transport Protocols for {M}yrinet", 
  BOOKTITLE = proc # "Hot Interconncts V",
  MONTH = {August}, YEAR = {1997})


@INPROCEEDINGS(rmartin-overhead,
  AUTHOR = "R. Martin and A. Vahdat and D. Culler and T. Anderson",
  TITLE = "Effects of Communication Latency, Overhead, and Bandwidth in a Cluster Architecture",
  BOOKTITLE = proc # "ISCA'97",
  MONTH = {June}, YEAR = {1997})

@INPROCEEDINGS(datamation,
  AUTHOR = {Anon {\em et. al.}},
  TITLE = "A Measure of Transaction Processing Power",
  BOOKTITLE = "Datamation, 31(7): 112-118",
  MONTH = {February}, YEAR = {1985})

@INPROCEEDINGS(nowsort,
  TITLE = "Searching for the Sorting Record: {E}xperiences in Tuning {NOW-Sort}",
  BOOKTITLE = proc # "the 1998 Symposium on Parallel and Distributed Tools (SPDT '98)",
  AUTHOR = "Andrea Arpaci-Dusseau and Remzi Arpaci-Dusseau and David E. Culler and Joseph M. Hellerstein and David A. Patterson",
  YEAR = {1998})

@INPROCEEDINGS(chichao-via,
  AUTHOR = "Chi-Chao Chang and Thorsten von Eicken",
  TITLE = "Interfacing {J}ava with the Virtual Interface Architecture",
  BOOKTITLE = "ACM {J}ava Grande Conference 1999",
  MONTH = {June},
  YEAR = {1999})

@INPROCEEDINGS(nester-rmi,
  AUTHOR = "Christian Nester and Michael Philippsen and Bernhard Haumacher",
  TITLE = "A More Efficient {RMI} for {J}ava",
  BOOKTITLE = "ACM {J}ava Grande Conference 1999",
  MONTH = {June},
  YEAR = {1999})

@INPROCEEDINGS(java-mpi,
  TITLE = "High-Performance Parallel Programming in {J}ava: {E}xploiting Native Libraries",
  AUTHOR = "Vladimir Getov and Susan Flynn-Hummel and Sava Mintchev",
  BOOKTITLE = "ACM 1998 Workshop on {J}ava for High-Performance Network Computing", 
  YEAR = {1998})

@INPROCEEDINGS(bal-manta,
   AUTHOR = "Jason Maassen and Rob van Nieuwpoort and Ronald Veldema and Henri E. Bal and Aske Plaat",
   TITLE = "An Efficient Implementation of {J}ava's {Remote Method Invocation}",
   BOOKTITLE = proc # "PPoPP'99",
   MONTH = {May}, YEAR = {1999})

@INPROCEEDINGS(millsort,
   TITLE = "{Millennium Sort: A Cluster-Based Application for Windows NT Using DCOM, River Primitives and the Virtual Interface Architecture}",
  AUTHOR = "Philip Buonadonna and Joshua Coates and Spencer Low and David E. Culler",
   BOOKTITLE = proc # "the 3rd USENIX Windows NT Symposium",
   MONTH = {July}, YEAR = {1999})

@INPROCEEDINGS(unet,
  AUTHOR = "T. von Eicken and A. Basu and V. Buch and W. Vogels",
  TITLE = "{U-Net}: {A} User-level Network Interface for Parallel and Distributed Computing",
  BOOKTITLE = proc # "the 15th Annual " #sosp,
  MONTH = {December},
  YEAR = 1995)

@INPROCEEDINGS(unet-mm,
  AUTHOR = "M. Welsh and A. Basu and T. von Eicken",
  TITLE = "Incorporating Memory Management into User-Level Network Interfaces",
  BOOKTITLE = proc # "Hot Interconnects V",
  MONTH = {August},
  YEAR = 1997)

@BOOK(java,
  AUTHOR = "J. Gosling and B. Joy and G. Steele",
  TITLE = "The {J}ava Language Specification",
  PUBLISHER = {Addison-Wesley},  ADDRESS = {Reading, MA},  YEAR = 1996)

@MISC(javagrande,  AUTHOR = {{The {J}ava Grande Forum}},
  TITLE = {{The {J}ava Grande Forum Charter}}, 
  HOWPUBLISHED = {\url{http://www.javagrande.org/jgfcharter.html}})

@MISC(kvm,
  AUTHOR = {{Sun Microsystems, Inc.}},
  TITLE = {{The K Virtual Machine (KVM)}},
  HOWPUBLISHED = {\url{http://java.sun.com/products/kvm/}})

@MISC(evm,  
  AUTHOR = {{Sun Microsystems Labs}},
  TITLE = {{The Exact Virtual Machine (EVM)}}, 
  HOWPUBLISHED = {\url{http://www.sunlabs.com/research/java-topics/}})

@MISC(ibm-semantic-inlining,
  AUTHOR = "Peng Wu and Sam Midkiff and Jos\'{e} Moreira and Manish Gupta",
  TITLE = {{Improving {J}ava Performance Through Semantic Inlining}},
  HOWPUBLISHED = {\url{http://www.research.ibm.com/ninja/}})

@INPROCEEDINGS(ibm-ninja,
  AUTHOR = "Jos\'{e} Moreira and Sam Midkiff and Manish Gupta",
  TITLE = "From Flop to Megaflops: {J}ava for Technical Computing",
  BOOKTITLE = proc # "the 11th Workshop on Languages and Compilers for Parallel Computing (LCPC'98)",
  NOTE = {\url{http://www.research.ibm.com/ninja/}},
  YEAR = 1998)

@INPROCEEDINGS(self,
  AUTHOR = "Craig Chambers and David Ungar",
  TITLE = "Customization: {O}ptimizing compiler technology for {SELF}, 
    a dynamically-typed object-oriented programming language",
  BOOKTITLE = proc # "the ACM SIGPLAN 1989 Conference on 
    Programming Language Design and Implementation",
  MONTH = "June",
  YEAR = "1989")

@INPROCEEDINGS(deanwholeprogram,
  AUTHOR = "Jeffrey Dean",
  TITLE = "Whole-Program Optimization of Object-Oriented Languages",
  BOOKTITLE = "PhD thesis, University of Washington, Seattle, Washington",
  YEAR = "1996")

@MISC(java-pvm,
  AUTHOR="D.A. Thurman",
  TITLE= {{jPVM: {T}he {J}ava to PVM interface}},
  HOWPUBLISHED= {\url{http://www.isye.gatech.edu/chmsr/{J}avaPVM}})

@INPROCEEDINGS(openjit,
  AUTHOR="S. Matsuoka and H. Ogawa and K. Shimura and Y. Kimura and 
    K. Hotta and H. Takagi",
  TITLE="{OpenJIT: {A} Reflective {J}ava JIT Compiler}",
  BOOKTITLE= proc # "the OOPSLA '98 Workshop on Reflective Programming 
    in C++ and {J}ava",
  NOTE={\url{http://openjit.is.titech.ac.jp/}})

@INPROCEEDINGS(tal-x86, 
  AUTHOR="Greg Morrisett and Karl Crary and Neal Glew and Dan Grossman 
    and Richard Samuels and Frederick Smith and David Walker and 
    Stephanie Weirich and and Steve Zdancewic",
  TITLE="{TALx86}: {A} Realistic Typed Assembly Language",
  BOOKTITLE="1999 ACM SIGPLAN Workshop on Compiler Support for System 
    Software",
  MONTH="May",
  YEAR="1999")

@inproceedings(gribble-dds,
  AUTHOR="S. Gribble and E. Brewer and J. Hellerstein and D. Culler",
  TITLE="Scalable, Distributed Data Structures for {I}nternet Service 
    Construction",
  booktitle=proc # "the Fourth " # osdi # " (OSDI 2000)", 
  month="October", year="2000")

@MISC(telegraph,
  AUTHOR="Joe Hellerstein and Eric Brewer and Mike Franklin",
  TITLE={{Telegraph: {A} Universal System for Information}},
  HOWPUBLISHED={\url{http://db.cs.berkeley.edu/telegraph/}})

@INPROCEEDINGS(javelin,
  AUTHOR = "B. Christiansen and P. Cappello and M. F. Ionescu and M. O. Neary and K. E. Schauser and D. Wu",
  TITLE = "Javelin: {I}nternet-Based Parallel Computing Using {J}ava",
  BOOKTITLE = "1997 ACM Workshop on {J}ava for Science and Engineering Computation", 
  YEAR = {1997},
  NOTE = {\url{http://www.cs.ucsb.edu/~schauser/papers/97-javelin.pdf}})

@MISC(visualage,
  AUTHOR = {{IBM Corporation}},
  TITLE = {{IBM VisualAge for {J}ava}},
  HOWPUBLISHED = {\url{http://www.software.ibm.com/ad/vajava/}})

@INPROCEEDINGS(javaparty,
  AUTHOR = "Michael Philippsen and Matthias Zenger",
  TITLE = "{J}ava{P}arty - Transparent Remote Objects in {J}ava",
  BOOKTITLE = "Concurrency: Practice and Experience, 9(11):1225-1242",
  MONTH = {November},
  YEAR = {1997})

@INPROCEEDINGS(titanium,
   AUTHOR = "Yelick and Semenzato and Pike and Miyamoto and Liblit and Krishnamurthy and Hilfinger and Graham and Gay and Colella and Aiken", 
   TITLE = "Titanium: {A} High-Performance {J}ava Dialect",
   BOOKTITLE = "ACM 1998 Workshop on {J}ava for High-Performance Network Computing", 
   MONTH = {February}, YEAR = {1998})

@MISC(telegraph-web,
  AUTHOR = {{UC Berkeley Telegraph Project}},
  TITLE = {\url{http://db.cs.berkeley.edu/telegraph/}})

@MISC(ninja-web,
  AUTHOR = {{UC Berkeley Ninja Project}},
  TITLE = {\url{http://ninja.cs.berkeley.edu}})

@ARTICLE(jaguar-journal,
  AUTHOR = "Matt Welsh and David Culler",
  TITLE = "Jaguar: {E}nabling Efficient Communication and {I/O} from {J}ava",
  JOURNAL = "Concurrency: Practice and Experience", 
  YEAR = "2000",
  NOTE = "Special Issue on Java for High-Performance Network Computing, To appear, \url{http://www.cs.berkeley.edu/~mdw/papers/jaguar-journal.ps.gz}")

@INPROCEEDINGS(implicit-coscheduling,
  AUTHOR = "Andrea C. Arpaci-Dusseau and David E. Culler and Alan Mainwaring",
  TITLE = "Scheduling with Implicit Information in Distributed Systems",
  BOOKTITLE = "1998 SIGMETRICS Conference on the Measurement and Modeling of Computer Systems",
  PAGES = "233--243",
  MONTH = "June",
  YEAR = "1998")

@INPROCEEDINGS(mpi-pm,
  AUTHOR = "Francis O'Carroll and Atsushi Hori and Hiroshi Tezuka and Yutaka Ishikawa", 
  TITLE = "The Design and Implementation of Zero Copy MPI Using Commodity Hardware with a High Performance Network",
  BOOKTITLE = proc # "ACM SIGARCH ICS'98",
  PAGES = "243--250", 
  MONTH = "July",
  YEAR = "1998")

@INPROCEEDINGS(ppfs,
  AUTHOR = "J.~Huber and C.~L.~Elford and D.~A.~Reed and A.~A.~Chien and D.~S.~Blumenthal",
  TITLE = "{PPFS}: {A} high performance portable parallel file system",
  BOOKTITLE = proc # "the 9th ACM International Conference on Supercomputing",
  PAGES = "385--394",
  MONTH = "July",
  YEAR = "1995")

@inproceedings{sosp16,
  author =       {Armando Fox and Steven D. Gribble and Yatin Chawathe
                  and Eric A.  Brewer and Paul Gauthier},
  title =        {Cluster-based scalable network services},
  booktitle =    proc # "the 16th " # sosp,
  year =         1997,
  address =      {St.-Malo, France},
  month =        {October}
}

@inproceedings{tigris,
  author = {Matt Welsh and David Culler},
  title = {Achieving Robust, Scalable Cluster {I/O} in {J}ava},
  booktitle = proc # "the Fifth Workshop on Languages, 
    Compilers, and Run-time Systems for Scalable Computers",
  year = "to appear"
}

@inproceedings{harvest,
author={A. Chankhunthod and P. B. Danzig and C. Neerdaels and M. F. Schwartz and K.
J. Worrell},
title="A Hierarchical {I}nternet Object Cache",
booktitle=proc # "the 1996 USENIX Annual Technical Conference",
pages={153--163},
month={January},
year= 1996
}

@Misc{squid,
  author =       {{National Laboratory for Applied Network Research}},
  title =        "The {S}quid {I}nternet Object Cache",  
  howpublished = {\url{http://www.squid-cache.org}}
}


@Misc{weblogic,
  author = {{BEA Systems}},
  title = {{BEA {W}ebLogic}},
  howpublished = {\url{http://www.beasys.com/products/weblogic/}}}

@Misc{websphere,
  author = {{IBM Corporation}},
  title = {{IBM {W}ebSphere Application Server}},
  howpublished = {\url{http://www-4.ibm.com/software/webservers/}}}

@Misc{servlets,
  author={{Sun Microsystems Inc.}},
  title={{Java Servlet API}},
  howpublished={\url{http://java.sun.com/products/servlet/index.html}}}

@Misc{jsp,
  author={{Sun Microsystems Inc.}},
  title={{Java Server Pages API}},
  howpublished={\url{http://java.sun.com/products/jsp}}}

@inproceedings{io-lite,
  author = {Vivek S. Pai and Peter Druschel and Willy Zwaenepoel},
  title = {{IO-Lite}: A Unified {I/O} Buffering and Caching System},
  booktitle = proc # "the 3rd " # osdi # " (OSDI'99)",
  month={February}, year={1999}}

@inproceedings{flash,
  author = {Vivek S. Pai and Peter Druschel and Willy Zwaenepoel},
  title = {Flash: {A}n Efficient and Portable {W}eb server},
  booktitle = proc # "the 1999 USENIX Annual Technical Conference",
  month={June}, year={1999}}

@inproceedings{sns,
  author={Yatin Chawathe and Eric Brewer},
  title={System Support for Scalable and Fault Tolerant {I}nternet Services},
  booktitle=proc # "Middleware '98",
  month={September}, year={1998}}

@inproceedings{jaws-wustl,
  title="High Performance {W}eb Servers on {Windows NT}:
          Design and Performance",
  author={James C. Hu and Irfan Pyarali and Douglas C. Schmidt},
  booktitle=proc # "the USENIX Windows NT Workshop 1997",
  month={August}, year=1997}

@inproceedings{proactor-pattern,
  title="Applying the {P}roactor Pattern to High-Performance {W}eb Servers",
  author={James C. Hu and Irfan Pyarali and Douglas C. Schmidt},
  booktitle=proc # "the 10th International Conference on Parallel
    and Distributed Computing and Systems",
  month={October}, year=1998}

@inproceedings{reactor-pattern,
  title={{Reactor: An Object-Behavioral Pattern for Concurrent Event
                  Demultiplexing and Event Handler Dispatching}},
  author = {Douglas C. Schmidt},
  booktitle=proc # "the 6th USENIX C++ Technical Conference",
  address = {Cambridge, MA},
  month = {April},
  year = 1994
} 

@inproceedings{cheetah,
  title="Server Operating Systems",
  author={M. Frans Kaashoek and Dawson R. Engler and Gregory R. Ganger and Deborah A. Wallach},
  booktitle=proc # "the 1996 SIGOPS European Workshop",
  month={September}, year=1996}

@inproceedings{ash,
title = {{ASHs}: {A}pplication-specific handlers for high-performance messaging},
    author = {Deborah A. Wallach and Dawson R. Engler and M. Frans Kaashoek},
    booktitle = proc # "the {ACM} {SIGCOMM} '96 Conference: Applications, Technologies, Architectures, and Protocols for Computer Communication",
    year = {1996},
    month = {August},
    address = {Stanford, California},
    pages = {40--52},
}

@inproceedings{dds-osdi,
title = "Scalable, Distributed Data Structures for {I}nternet Service
                  Construction",
author={Steven D. Gribble and Eric A. Brewer and Joseph M. Hellerstein
         and David Culler},
booktitle = proc # "the Fourth " # osdi # " (OSDI 2000)",
year = {2000},
month = {October}
}

@inproceedings{virtual-synchrony,
  title={Extended virtual synchrony},
  author={L. E. Moser and Y. Amir and P. M. Melliar-Smith and
    D. A. Agarwal},
  booktitle=proc # "the Fourteenth International Conference
    on Distributed Computing Systems",
  pages={56--65},
  address={Poznan, Poland},
  month={June},
  year={1994}}

@ARTICLE(horus,
  AUTHOR = "Robbert van Renesse and Kenneth P. Birman and Silvano Maffeis",
  title = {Horus: A Flexible Group Communication System},
  month={April},
  year={1996},
  Journal={Communications of the ACM},
  volume={39}, number={4}, pages={76--83})

@Misc{inktomi,
  author = {{Inktomi Corporation}},
  title = {Inktomi Search Engine},
  howpublished = {\url{http://www.inktomi.com/products/portal/search/}}}

@techreport{jukeboxquery,
  author = {Matt Welsh and Nikita Borisov and Jason Hill and Rob von Behren and Alec Woo},
  title = {Querying Large Collections of Music for Similarity},
  institution = {U.C. Berkeley Computer Science Division},
  number = {UCB/CSD-00-1096},
  month = {November}, year = {1999}}

@inproceedings{jukebox,
  title = {{The Ninja Jukebox}},
  author = {Ian Goldberg and Steven D. Gribble and David Wagner and Eric A. Brewer},
  booktitle = proc # "the 2nd USENIX Symposium on Internet 
    Technologies and Systems",
  address = {Boulder, CO},
  month = {October},
  year = {1999}}

@MISC(oceanstore-web,
  AUTHOR = {{UC Berkeley OceanStore Project}},
  TITLE = {\url{http://oceanstore.cs.berkeley.edu}})

@inproceedings{mariposa,
  author = {M. Stonebraker and R. Devine and M. Kornacker and W. Litwin and A. Pfeffer and A. Sah and C. Staelin},
  title = {{An economic paradigm for query processing and data migration in
  Mariposa.}},
  booktitle = proc # "the 3rd International Conference on Parallel and Distributed Information Systems",
  month = {September},
  year = {1994}}

@article{stonebraker-os,
  author="M. Stonebraker",
  title="Operating system support for database management",
  journal="Communications of the ACM", volume={24}, number={7}, 
  pages="412--418", month="July", year="1981"}

@article{spawn,
  author = {C. A. Waldspruger and T. Hogg and B. A. Huberman and J. O. Kephart and S. Stornetta},
  title = {{Spawn: A Distributed Computational Economy}},
  journal = {IEEE Transactions on Software Engineering},
  volume = {18}, number = {2}, month = {February}, year = {1992}, 
  pages = {103--177}}

@inproceedings{treadmarks,
  title = {{TreadMarks}: {D}istributed Shared Memory on Standard Workstations and Operating Systems}},
  author = {P. Keleher and S. Dwarkadas and A. L. Cox and W. Zwaenepoel},
  booktitle = proc # "the Winter 94 USENIX Conference",
  month = {January}, year = {1994}, pages = {115--131}}

@article{click,
  title="The {C}lick modular router",
  author="Eddie Kohler and Robert Morris and Benjie Chen and John 
  Jannotti and M. Frans Kaashoek",
  journal="ACM Transactions on Computer Systems",
  volume={18}, number={3}, month="August", year="2000", 
  pages="263-297"}

@inproceedings{banga-eventdelivery,
  title = {A scalable and explicit event delivery mechanism for {UNIX}},
  author = {Gaurav Banga and Jeffrey C. Mogul and Peter Druschel},
  booktitle = proc # "the USENIX 1999 Annual Technical Conference",
  month = {June}, year = {1999}, address = {Monterey, CA}}

@article{scheduler-activations,
  title = "Scheduler Activations: {E}ffective Kernel Support for the User-Level Management of Parallelism",
  author = {T. Anderson and B. Bershad and E. Lazowska and H. Levy},
  journal = {ACM Transactions on Computer Systems},
  volume = {10}, number = {1}, month = {February}, year = {1992},
  pages = {53--79}}


@misc(nbio-release,
  AUTHOR = "Matt Welsh",
  TITLE = {{NBIO: Nonblocking I/O for Java}},
  HOWPUBLISHED = {\url{http://www.cs.berkeley.edu/~mdw/proj/java-nbio}})

@inproceedings{hu97measuring,
    author = "J. Hu and I. Pyarali and D. Schmidt",
    title = "Measuring the Impact of Event Dispatching and Concurrency
Models on {W}eb Server Performance Over High-speed Networks",
    booktitle=proc # "the 2nd Global Internet Conference",
    month={November}, year={1997}
}

@inproceedings{scout-dos, 
    author = "O. Spatscheck and L. Petersen",
    title = "Defending Against Denial of Service Attacks in {S}cout",
    booktitle=proc # "the 3rd " # osdi,
    month={February}, year={1999}
}

@article{highperf_web_design,
 title={{High-Performance {W}eb Site Design Techniques}},
 author={Arun Iyengar and Jim Challenger and Daniel Dias and Paul Dantzig},
 journal={IEEE Internet Computing},
 volume=4, number=2,
 month={March}, year=2000
} 

@inproceedings{webserver_accel,
  title = {{Design Alternatives for Scalable {W}eb Server Accelerators}},
  author = {Junehwa Song and Eric Levy and Arun Iyengar and Daniel Dias},
  booktitle = proc # "the 2000 IEEE International Symposium on
            Performance Analysis of Systems and Software (ISPASS-2000)",
  address = {Austin, TX},
  month = {April}, year = 2000
} 

@inproceedings{banga97measuring,
  author = "Gaurav Banga and Peter Druschel",
  title = "Measuring the Capacity of a {W}eb Server",
  booktitle = proc # "the First USENIX Symposium on Internet
                  Technologies and Systems (USITS '97)",
  year = "1997",
  month = {December},
  address = {Monterey, CA}
}

@misc{ouster_thread_event,
  author={John K. Ousterhout},
  title={{Why Threads Are A Bad Idea (for most purposes)}},
  howpublished={{Presentation given at the 1996 USENIX Annual Technical
                  Conference}},
  month={January},
  year= 1996
}

@misc{larus-stagedserver-talk,
  author={Jim Larus},
  title="Enhancing Server Performance with {StagedServer}",
  howpublished={\url{http://www.research.microsoft.com/~larus/Talks/StagedServer.ppt}},
  month={October}, year=2000
}

@inproceedings{banga_select,
  author={Guarav Banga and Jeffrey C. Mogul},
  title="Scalable Kernel Performance for {I}nternet Servers under Realistic
                  Loads",
  booktitle = proc # "the 1998 USENIX Annual Technical Conference",
  month={June},
  year= 1998,
  address = {New Orleans, LA}
}

@inproceedings{resource-containers,
    author = "G. Banga and P. Druschel and J. Mogul",
    title = "Resource containers: {A} new facility for resource management in server systems",
   booktitle=proc # "the Third " # osdi # " (OSDI '99)",
    month={February},
    year = "1999"
}

@inproceedings{mogul-os-support,
  author = "J. C. Mogul",
  title = "Operating system support for busy {I}nternet servers",
  booktitle=proc # "the Fifth Workshop on Hot Topics in Operating Systems (HotOS-V)", 
  address={Orcas Island, WA},
  month={May}, year={1995}
}

@inproceedings{scout,
   author = {David Mosberger and Larry Peterson},
   title =  "Making Paths Explicit in the {S}cout Operating System",
   booktitle = proc # "the " # osdi # " 1996",
   month =   {October},
   year = 1996
}


@inproceedings{crovella99connection,
    author = "M. Crovella and R. Frangioso and M. Harchol-Balter",
    title = "Connection scheduling in {W}eb servers",
    booktitle=proc # "the 1999 USENIX Symposium on Internet
      Technologies and Systems (USITS '99)",
    month={October}, year={1999}
}

@inproceedings{bender98flow,
    author = "M. Bender and S. Chakrabarti and S. Muthukrishnan",
    title = "Flow and stretch metrics for scheduling continuous job streams",
    booktitle=proc # "the 9th Annual ACM-SIAM Symposium on Discrete Algorithms",
   year={1998}
}


@techreport{ srpt-web-servers,
   author = {Mor Harchol-Balter and Mark Crovella and SungSim Park},
   title = "The case for {SRPT} Scheduling in {W}eb Servers",
   institution = {MIT},
   number = {MIT-LCR-TR-767},
   month = {October},
   year = 1998
}

@inproceedings{ surge,
    author = "P. Barford and M. Crovella",
    title = "Generating representative {W}eb workloads for network and 
        server performance evaluation",
    booktitle=proc # "the 1998 ACM SIGMETRICS Conference",
    address={Madison, WI}, month={July},
    year={1998}
}

@inproceedings{ arlitt96web,
    author = "M. Arlitt and C. Williamson",
    title = "{W}eb Server Workload Characterization: The Search for Invariants",
    booktitle = proc # "the 1996 ACM SIGMETRICS Conference",
    address={Philadelphia, PA},
    month={April}, year=1996
}

@misc{ specweb99,
   author={{Standard Performance Evaluation Corporation}},
   title="The {SPECweb99} Benchmark",
   howpublished={\url{http://www.spec.org/osg/web99/}}
} 

@misc{ tpc-w,
  author={{Transaction Processing Performance Council}},
  title="{TPC-W} benchmark specification",
  howpublished={\url{http://www.tpc.org/wspec.html}}
}


@book{kleinrock-book,
   author    = {L. Kleinrock},
   title     = {{Queueing Systems, Volume 1: Theory}},
   publisher = {John Wiley and Sons},
   address   = {New York},
   year      = {1975}
}

@inproceedings{oceanstore,
  author="J. Kubiatowicz and D. Bindel and Y. Chen and S. Czerwinski 
   and P. Eaton and D. Geels and R. Gummadi and S. Rhea and H. 
     Weatherspoon and W. Weimer and C. Wells and B. Zhao",
  title="{OceanStore}: An Architecture for Global-Scale Persistent Storage",
  booktitle= proc # "the Ninth international Conference on 
  Architectural Support for Programming Languages and Operating Systems 
  (ASPLOS 2000)",
   month={November}, year="2000"
}

@misc{freebsd-kevent,
  author="Jonathan Lemon",
  title="{FreeBSD} Kernel Event Queue Patch",
  howpublished={\url{http://www.flugsvamp.com/~jlemon/fbsd/}}
}

@techreport{michigan-devpoll,
  author="N. Provos and C. Lever",
  title="Scalable Network {I/O} in {Linux}",
  institution="University of Michigan Center for Information Technology Integration",
  number={CITI-TR-00-4},
  month="May", year="2000"
}

@misc{nt-completion-ports,
  author="Mark Russinovich",
  title={Inside {I/O} Completion Ports},
  howpublished={\url{http://www.sysinternals.com/comport.htm}}
}
  
@inproceedings{fbufs,
   author = "P. Druschel and L. Peterson",
   title = "Fbufs: {A} high bandwidth cross-domain transfer facility",
   booktitle = proc # "the 14th " # sosp,
   year = "1993"
}

@misc{inktomi-billion,
  author={{Inktomi Corporation}},
  title="{W}eb Surpasses One Billion Documents",
  month={January}, year={2000},
  howpublished={\url{http://www.inktomi.com/new/press/2000/billion.html}}
}

@misc{hal-varian-websize,
  author="Alan T. Saracevic",
  title={{Quantifying the Internet}, {{\em San Francisco Examiner}}, {November 5, 2000}},
  howpublished={\url{http://www.sfgate.com/cgi-bin/article.cgi?file=/examiner/hotnews/stories/05/Binternetsun.dtl}}
}

@misc{gartner-user-study,
  author={{Garner Group, Inc.}},
  title={{Press Release}},
  month={October}, year={2000},
  howpublished={\url{http://www.gartner.com/public/static/aboutgg/pressrel/pr20001030a.html}}
}

@misc{yahoo-pr,
  author={{Yahoo! Inc.}},
  title={{Press Release}},
  howpublished={\url{http://docs.yahoo.com/docs/pr/3q00pr.html}},
  month={October}, year={2000}}

@misc{wired-presidental-election,
  author="Farhad Manjoo",
  title={{Net traffic at all-time high}, {{\em WIRED News}}, {November 8, 2000}},
  howpublished={\url{http://www.wired.com/news/business/0,1367,40043,00.html}}
}

@misc{yahoo,
  author={{Yahoo! Inc.}}, 
  howpublished={\url{http://www.yahoo.com}}}

@misc{gartner-asp-study,
  author={{Dataquest, Inc.}},
  title={{Press Release}},
  month={September}, year={2000},
  howpublished={\url{http://www.gartner.com/dq/static/about/press/pr-b09252000.html}}
}

@misc{cnet-ebay-article,
  author="Kora McNaughton",
  title={{Is eBay too popular?}, {{\em CNET News.com}}, {March 1, 1999}},
  howpublished={\url{http://news.cnet.com/news/0-1007-200-339371.html}}
}

@misc{cnet-excite-article,
  author="Evan Hansen",
  title={{Email outage takes toll on Excite@Home}, {{\em CNET News.com}}, {June 28, 2000}},
  howpublished={\url{http://news.cnet.com/news/0-1005-200-2167721.html}}
}

@misc{cnet-etrade-article,
  author={{Bloomberg News}},
  title={{E*Trade hit by class-action suit}, {{\em CNET News.com}}, {February 9, 1999}},
  howpublished={\url{http://news.cnet.com/news/0-1007-200-338547.html}}
}

@article{usgs-slashdot-effect,
  author="Lisa A. Wald and Stan Schwarz",
  title={{The 1999 Southern California Seismic Network Bulletin}},
  journal = {Seismological Research Letters},
  volume = {71}, number = {4}, month = {July/August}, year = {2000}, 
  howpublished={\url{http://pasadena.wr.usgs.gov/stans/slashdot.html}}
}

@techreport{events-tr,
  author = "Matt Welsh and Steven D. Gribble and Eric A. Brewer and David Culler",
  title = {A Design Framework for Highly Concurrent Systems},
  institution = {U.C. Berkeley Computer Science Division},
  number = {UCB/CSD-00-1108},
  month = {April}, year = {2000}}

@article{sellis-multi-query,
  author    = {Timos K. Sellis},
  title     = {Multiple-Query Optimization},
  journal   = {TODS},
  volume    = {13},
  number    = {1},
  year      = {1988},
  pages     = {23--52}
}

@article{ floyd-red,
  author = "S. Floyd and V. Jacobson",
  title = "Random early detection gateways for congestion avoidance",
  journal={{IEEE/ACM Transactions on Networking}}, 
  volume={1}, number={4}, pages={397--413}, month={August}, year={1993}}

@misc{ graphviz,
  author="Emden R. Gansner and Stephen C. North",
  title={{An open graph visualization system and its applications to software 
    engineering}, {{\em Software -- Practice and Experience}}},
  howpublished={\url{http://www.research.att.com/sw/tools/graphviz/}},
  misc={To appear}}

@book{posix-4,
   author    = {Bill Gallmeister},
   title     = {{POSIX.4: Programming for the Real World}},
   publisher = {O'Reilly and Associates},
   year      = {1995}
}

@misc{kegel-c10k,
  author="Dan Kegel",
  title={{The C10K problem}},
  howpublished={\url{http://www.kegel.com/c10k.html}}}

@misc{apache,
  author={{Apache Software Foundation}},
  title="The {A}pache {W}eb server",
  howpublished={\url{http://www.apache.org}}}

@misc{gnutella,
  author={{Gnutella}},
  howpublished={\url{http://gnutella.wego.com}}}

@article{ninja-overview,
  author="Steven D. Gribble and Matt Welsh and Rob von Behren and Eric A. Brewer and David Culler and N. Borisov and S. Czerwinski and R. Gummadi and J. Hill and A. Joseph and R.H. Katz and Z.M. Mao and S. Ross and B. Zhao",
   title="The {N}inja Architecture for Robust {I}nternet-Scale Systems and Services",
   journal={Computer Networks}, note="Special issue on Pervasive Computing",
  volume={35}, number={4}, pages="473-497",
  month="March", year="2001"}

@phdthesis{gribble-thesis,
  author="Steven D. Gribble",
  title="A Design Framework and a Scalable Storage Platform to Simplify Internet Service Construction",
  school="UC Berkeley",
  month="September", year="2000"}

@techreport{mdw-quals,
  author="Matt Welsh",
  title="The Staged Event-Driven Architecture for Highly Concurrent
    Server Applications",
  institution="PhD Qualifying Examination Proposal, UC Berkeley",
  month="December", year="2000",
  note={\url{http://www.cs.berkeley.edu/~mdw/papers/quals-seda.pdf}}}

@inproceedings{mogul-hotos5,
  title="Operating Systems Support for Busy {I}nternet Services",
  author="J.C. Mogul",
  BOOKTITLE = proc # "the Fifth Workshop on Hot Topics in Operating Systems (HotOS-V)",
  month="May", year="1995"}

@inproceedings{lrp,
  title="{Lazy Receiver Processing (LRP)}: {A} Network Subsystem
  Architecture for Server Systems",
  author="Peter Druschel and Gaurav Banga",
  booktitle=proc # "the Second " # osdi,
  year="1996"}

@inproceedings{spin,
  title="Extensibility, Safety and Performance in the {SPIN} Operating System",
  author="Brian Bershad and Stefan Savage and Przemyslaw Pardyak and Emin Gun Sirer and David Becker and Marc Fiuczynski and Craig Chambers and Susan Eggers",
  booktitle=proc # "the 15th " #sosp# " (SOSP-15)",
  year="1995"}

@article{nemesis,
  title="The Design and Implementation of an Operating System to Support Distributed Multimedia Applications",
  author="I. Leslie and D. McAuley and R. Black and T. Roscoe and P. Barham and D. Evers and R. Fairbairns and E. Hyden",
  journal="IEEE Journal on Selected Areas in Communications",
  volume=14, issue=7, pages="1280--1297",
  month="September", year=1996}

@inproceedings{active-messages,
  title="Active Messages: a Mechanism for Integrating Communication and Computation",
  author="Thorsten von Eicken and David E. Culler and Seth Copen Goldstein and Klaus Erik Schauser",
  booktitle=proc # "the 19th Annual International Symposium on Computer Architecture",
  month=May, year=1992, pages="256--266"}

@inproceedings{fast-sockets,
  title="High-Performance Local Area Communication with Fast Sockets",
  author="Steven H. Rodrigues and Thomas E. Anderson and David E. Culler",
  booktitle=proc # "the 1997 USENIX Annual Technical Conference",
  year=1997}

@inproceedings{exokernel,
  title="Application performance and flexibility on {Exokernel} systems",
  author="M. Frans Kaashoek and Dawson R. Engler and Gregory R. Ganger and H{\'e}ctor M. Brice{\~n}o and Russell Hunt and David Mazi\`{e}res and Thomas Pinckney and Robert Grimm and John Jannotti and Kenneth Mackenzie",
  booktitle=proc # "the 16th " #sosp# " (SOSP '97)",
  month="October", year="1997"}

@inproceedings{inohara-threads,
  author = "S. Inohara and K. Kato and T. Masuda",
  title = "`Unstable Threads' kernel interface for minimizing the 
    overhead of thread switching",
  booktitle=proc # "the 7th IEEE International Parallel Processing 
    Symposium",
  pages="149--155", month="April", year="1993"
}

@techreport{work-crews,
  author = "Mark Vandevoorde and Eric Roberts",
  title = "Work Crews: An abstraction for controlling parallelism",
  institution = "Digital Equipment Corporation Systems Research Center",
  number = "Research Report 42",
  month = "February",
  year = "1988"}

@inproceedings{nemesis-paging,
  author="Steven M. Hand",
  title="Self-Paging in the Nemesis Operating System",
  booktitle= proc # "the " #osdi# " 1999",
  month="February", year="1999"}

@misc{app-vm,
  author = "K. Harty and D. Cheriton",
  title = "Application Controlled Physical Memory using External Page Cache Management", 
  booktitle=proc # "the Fifth International Conference on 
    Architectural Support for Programming Languages and Operating Systems 
    (ASPLOS-V)", 
  pages="187--197", month="October", year="1992"}

@article{oxygen,
  author="M. L. Dertouzos",
  title="The future of computing",
  journal={Scientific American},
  month="July", year="1999"}

@misc{espeak,
  author={{Hewlett-Packard Corporation}},
  title={{e-speak Open Services Platform}},
  howpublished={\url{http://www.e-speak.net/}}}

@misc{akamai,
  author={{Akamai, Inc.}},
  howpublished={\url{http://www.akamai.com/}}}

@misc{digitalisland,
  author={{Digital Island, Inc.}},
  howpublished={\url{http://www.digitalisland.com/}}}

@misc{rmi,
  author={{Sun Microsystems, Inc.}},
  title={{Java Remote Method Invocation}},
  howpublished={\url{http://java.sun.com/products/jdk/rmi/}}}

@misc{dcom,
  author={{Microsoft Corporation}},
  title={{DCOM Technical Overview}},
  howpublished={\url{http://msdn.microsoft.com/library/backgrnd/html/msdn_dcomtec.htm}}}

@misc{iis,
  author={{Microsoft Corporation}},
  title={{IIS 5.0 Overview}},
  howpublished={\url{http://www.microsoft.com/windows2000/library/howitworks/iis/iis5techoverview.asp}}}

@misc{netscape-enterprise,
  author={{Netscape Corporation}},
  title={{Netscape Enterprise Server}},
  howpublished={\url{http://home.netscape.com/enterprise/v3.6/index.html}}}

@misc{zeus,
  author={{Zeus Technology}},
  title={{Zeus {W}eb Server}},
  howpublished={\url{http://www.zeus.co.uk/products/ws/}}}

@misc{thttpd,
  author={{Acme Labs}},
  title={{thttpd: Tiny/Turbo/Throttling HTTP Server}},
  howpublished={\url{http://www.acme.com/software/thttpd/}}}

@inproceedings{freenet,
  author="I. Clarke and O. Sandberg and B. Wiley and and T .W. Hong",
  title="Freenet: A Distributed Anonymous Information Storage and Retrieval 
  System in Designing Privacy Enhancing Technologies",
  booktitle=proc # "the ICSI Workshop on Design Issues in Anonymity and 
  Unobservability", address="Berkeley, CA", year="2000"}

@inproceedings{intermemory,
  author="Y. Chen and J. Edler and A. Goldberg and A. Gottlieb and S. Sobti and P.  Yianilos", 
  title="A prototype implementation of archival {I}ntermemory",
  booktitle=proc # "the Fourth ACM Conference on Digital Libraries (DL '99)",
  address="Berkeley, CA", year="1999"}

@misc{sunrpc,
  author={{Sun Microsystems Inc.}},
  title={{RPC: Remote Procedure Call Protocol Specification Version 2}},
  howpublished={Internet Network Working Group RFC1057}, month="June",
  year="1988"}

@article{ninja-journal,
  author="S. Gribble and M. Welsh and R. von Behren and E. Brewer and 
  D. Culler and N.  Borisov and S. Czerwinski and R. Gummadi and J. Hill
  and A. Joseph and R.H.  Katz and Z.M. Mao and S. Ross and B. Zhao",
  title="The {Ninja} Architecture for Robust {I}nternet-Scale Systems and Services",
  journal="Computer Networks", note="Special Issue on Pervasive Computing",
  month="June", year=2000}

@book{ogata-control-theory,
  title="Modern Control Engineering",
  author="K. Ogata",
  publisher = {Prentice Hall}, year = {1997}}

@inproceedings{tss360,
  title={{TSS/360: A time-shared operating system}},
  author="A. S. Lett and W. L. Konigsford",
  booktitle=proc # "the Fall Joint Computer Conference, Volume 33, Part 1",
  pages="15--28", year="1968"}

@inproceedings{programmable-router,
  author="X. Qie and A. Bavier and L. Peterson and Scott Karlin",
  title="Scheduling Computations on a Software-Based Router",
  booktitle=proc # "the 2001 ACM SIGMETRICS Conference", 
  month="June", year="2001"}

@inproceedings{mogul-persistent-http,
  author={J. C. Mogul},
  title={The Case for Persistent-Connection {HTTP}},
  booktitle=proc # "ACM SIGCOMM'95", month="October", year="1995"}

@techreport{jain-fairness,
  author = {R. Jain and D. Chiu and W. Hawe},
  title = "A Quantitative Measure Of Fairness And Discrimination For 
    Resource Allocation In Shared Computer Systems",
  institution = {DEC Research},
  number = {TR-301},
  month = {September}, year = {1984}}

@inproceedings{lauer-needham-duality,
  author={H.C. Lauer and R.M. Needham},
  title="On the Duality of Operating System Structures",
  booktitle=proc # "the Second International Symposium on Operating Systems",
  address={IRIA}, month="October", year="1978",
  misc={Reprinted in {\em Operating Systems Review}, 13:2, April 1979, pp. 3--19}}

@techreport{larus-stagedserver-tr,
  author = "J. Larus and M. Parkes",
  title = "Using Cohort Scheduling to Enhance Server Performance",
  institution = {Microsoft Research},
  number = {MSR-TR-2001-39},
  month = {March}, year = {2001}}

@inproceedings{seda-sosp01,
  author="M. Welsh and D. Culler and E. Brewer",
  title="{SEDA}: {A}n architecture for Well-Conditioned, Scalable {I}nternet
  Services", 
  booktitle=proc # "the 18th " #sosp,
  month="October", year="2001", address="Banff, Canada"}

@inproceedings{seda-hotos01,
  author="M. Welsh and D. Culler",
  title="Virtualization Considered Harmful: {OS} Design Directions for
  Well-Conditioned Services",
  booktitle=proc # "the 8th Workshop on Hot Topics in Operating Systems 
  (HotOS VIII)", address="Schloss Elmau, Germany", month={May},
  year="2001"}

@inproceedings{seda-sigops02,
  title="Overload Management as a Fundamental Service Design Primitive",
  author="M. Welsh and D. Culler",
  booktitle=proc # "the Tenth ACM SIGOPS European Workshop", 
  address="Saint-Emilion, France", month="September", year="2002"}

@inproceedings{thiemo-web-qos,
 title="Kernel Mechanisms for Service Differentiation in 
   Overloaded {W}eb Servers", 
 author="T. Voigt and R. Tewari and D. Freimuth and A. Mehra",
 booktitle=proc # "the 2001 USENIX Annual Technical Conference",
 address="Boston", month="June", year="2001"}

@inproceedings{ steere-ogi-scheduler,
  author = "David C. Steere and Ashvin Goel and Joshua Gruenberg and Dylan McNamee and Calton Pu and Jonathan Walpole",
  title = "A Feedback-driven Proportion Allocator for Real-Rate Scheduling",
  booktitle = proc # "the 3rd " #osdi# " (OSDI'99)", pages = "145-158", year = "1999"}

@inproceedings{jaws-atm,
 author = "J. Hu and S. Mungee and D. Schmidt", 
 title = "Techniques for Developing and Measuring High-performance {W}eb Servers over {ATM} Networks", 
 booktitle=proc # "INFOCOM '98", month={March/April}, year="1998"}

@book{python,
  author={M. Lutz},
  title={Programming {P}ython},
  publisher={O'Reilly and Associates},
  month="March", year="2001"}

@misc{yahoo-scale,
  author={{Yahoo! Inc.}},
  title={{Yahoo! Reports Fourth Quarter, Year End 2001 Financial Results}},
  howpublished={\url{http://docs.yahoo.com/docs/pr/4q01pr.html}}}

@misc{aol-scale,
  author={{America Online}},
  title={{Press Data Points}},
  howpublished={\url{http://corp.aol.com/press/press_datapoints.html}}}

@inproceedings{ninja-usenix02,
  title={Ninja: {A} Framework for Network Services},
  author="J. Robert von Behren and Eric Brewer and Nikita Borisov and Mike 
  Chen and Matt Welsh and Josh MacDonald and Jeremy Lau and Steve Gribble 
  and David Culler",
  booktitle=proc # "the 2002 USENIX Annual Technical Conference",
  address="Monterey, California", month="June", year="2002"}
 
@misc{cnn-talk,                                                                   author="William LeFebvre",
  title="{CNN.com}: {F}acing a World Crisis",
  howpublished={Invited talk at USENIX LISA'01},
  month="December", year="2001"} 

@misc{bbc-sep11-outage, 
  author={{British Broadcasting Corporation}},
  title="Net surge for news sites",
  howpublished={\url{http://news.bbc.co.uk/hi/english/sci/tech/newsid_1538000/1538149.stm}},
  month={September}, year="2001"}

@misc{cnet-asta-networks,
  author="Robert Lemos",
  title={{Antivirus firms team to thwart DoS attacks}, {{\em CNET News.com}}},
  howpublished={\url{http://news.cnet.com/news/0-1003-200-6931389.html}},
  month={August}, year={2001}}

@misc{dos-attacks,
  author="Robert Lemos",
  title={{{W}eb worm targets White House}, {{\em CNET News.com}}},
  howpublished={\url{http://news.com.com/2100-1001-270272.html}},
  month={July}, year={2001}}

@misc{cnet-napster-article,
  author="Rachel Konrad",
  title={{Napster among fastest-growing Net technologies}, 
  {{\em CNET news.com}}},
  howpublished={\url{http://news.com.com/2100-1023-246648.html}},
  month="October", year="2000"}

@misc{napster,
  author={{Napster, Inc.}},
  howpublished={\url{http://www.napster.com}}}

@misc{php,
  author={{The PHP Group}},
  title={{PHP: Hypertext Preprocessor}},
  howpublished={\url{http://www.php.net}}}

@Misc{j2ee,
  author={{Sun Microsystems Inc.}},
  title={{Java 2 Enterprise Edition}},
  howpublished={\url{http://java.sun.com/j2ee}}}

@article{mohr-ltc,
  author="Eric Mohr and D. Kranx and R. Halstead",
  title="Lazy Task Creation: A Technique for Increasing the Granularity of Parallel Programs",
  journal="IEEE Transactions on Parallel and Distributed Systems", 
  volume={2}, number={3}, pages={264-280}, year="1991"}

@inproceedings{goldstein-lazythreads,
  author="S. Goldstein and K. Schauser and D. Culler",
  title="Enabling primiives for compiling parallel languages",
  booktitle="Third Workshop on Languages, Compilers, and 
  Run-Time Systems for Scalable Computers", 
  address="Rochester, NY", month="May", year="1995"}

@inproceedings{stackthreads,
  author="Kenjiro Taura and Akinori Yonezawa", 
  title="Fine-grain multithreading with minimal compiler support: A cost 
  effective approach to implementing efficient multithreading languages", 
  booktitle=proc # "the 1997 ACM SIGPLAN Conference on 
  Programming Language Design and Implementation",
  address="Las Vegas, Nevada", month="June", year="1997"}

@techreport{strands,
  title="Strands: An Efficient and Extensible Thread Management Architecture",
  author={Emin G\"{u}n Sirer and Przemyslaw Pardyak and Brian N. Bershad},
  institution = {University of Washington},
  number = {UW-CSE-97-09-01},
  month = {September}, year = {1997}}

@inproceedings{alarm,
  author="Suvas Vajracharya and Daniel Chavarr\'{a}-Miranda",
  title="Asynchronous Resource Management", 
  booktitle=proc # "the International Parallel and Distributed 
  Processing Symposium", address="San Francisco, California", month={April},
  year={2001}}

@inproceedings{cluster-reserves,
  title="Cluster Reserves: {A} Mechanism for Resource Management in 
  Cluster-based Network Servers",
  author="Mohit Aron and Peter Druschel and Willy Zwaenepoel",
  booktitle=proc # "the ACM SIGMETRICS Conference on
  Measurement and Modeling of Computer Systems", address="Santa Clara, CA",
  month="June", year="2000"}

@inproceedings{li-jamin-admission-control,
  title="A Measurement-based Admission-Controlled {W}eb Server",
  author="Kelvin Li and Sugih Jamin",
  booktitle=proc # "IEEE Infocom 2000", 
  address="Tel-Aviv, Israel", month="March", year="2000"}

@inproceedings{pacers,
  author="X. Chen and H. Chen and P. Mohapatra",
  title="An Admission Control Scheme for Predictable Server Response 
  Time for {W}eb Accesses", 
  booktitle=proc # "the 10th World Wide {W}eb Conference",
  address="Hong Kong", month="May", year="2001"}

@techreport{hpl-web2k, 
  title={{{W}eb2K: Bringing QoS to {W}eb Servers}},
  author={Preeti Bhoj and Srinivas Ramanathan and Sharad Singhal},
  institution={HP Labs}, number={HPL-2000-61}, month="May", year="2000"}

@techreport{reumann-qguard,
  title="{QGuard}: Protecting {I}nternet Servers from Overload",
  author="Hani Jamjoom and John Reumann and Kang G. Shin",
  institution = {University of Michigan Department of Computer
  Science and Engineering}, number = {CSE-TR-427-00}, year="2000"}

@inproceedings{ibm-control-theory,
  title="Using Control Theory to Achieve Service Level Objectives in 
  Performance Management", 
  author="S. Parekh and N. Gandhi and J. L. Hellerstein and D. Tilbury 
  and T.S. Jayram and J. Bigus",
  booktitle=proc # "the IFIP/IEEE International Symposium on Integrated 
  Network Management", address="Seattle, WA", month="May", year="2001"}

@inproceedings{fc-edf,
  author="C. Lu and J. Stankovic and G. Tao and S. Son",
  title="Design and Evaluation of a Feedback Control {EDF} Algorithm",
  booktitle=proc # "the 20th IEEE Real-Time Systems Symposium",
  address="Phoenix, Arizona",
  month="December", year="1999"}

@inproceedings{abdelzaher-modeling,
  author="Tarek F Abdelzaher and Chenyang Lu",
  title="Modeling and Performance Control of {I}nternet Servers",
  booktitle="Invited Paper, 39th IEEE Conference on Decision and Control",
  address="Sydney, Australia", month="December", year="2000"}

@inproceedings{feedback-relative-delays,
  author="Chenyang Lu and Tarek Abdelzaher and Jack Stankovic and Sang Son",
  title="A Feedback Control Approach for Guaranteeing Relative Delays in 
  {W}eb Servers",
  booktitle="IEEE Real-Time Technology and Applications Symposium",
  address="Taipei, Taiwan", month="June", year="2001"}

@inproceedings{squillante-modeling,
  title="On Maximizing Service-Level-Agreement Profits",
  author="Z. Liu and M. Squillante and J. L. Wolf",
  booktitle=proc # "the ACM Conference on Electronic Commerce (EC'01)",
  address="Tampa, Florida", month="October", year="2001"}

@article{squillante-analysis,
  title="Analysis and Characterization of Large-Scale {W}eb Server Access 
  Patterns and Performance",
  author="Arun K. Iyengar and Mark Squillante and Li Zhang", 
  journal="World Wide {W}eb", volume={2}, number={1}, month={June},
  year={1999}}

@inproceedings{andersen-cm,
  title="System Support for Bandwidth Management and Content Adaptation in 
  {I}nternet Applications",
  author="David G. Andersen and Deepak Bansal and Dorothy Curtis and 
  Srinivasan Seshan and Hari Balakrishnan",
  booktitle=proc # "the 4th " #osdi# " (OSDI 2000)", address="San Diego, CA",
  month="October", year="2000"}

@inproceedings{abdelzaher-adaptation,
  author="Tarek F. Abdelzaher and Nina Bhatti",
  title={Adaptive Content Delivery for {W}eb Server {QoS}},
  booktitle=proc # "International Workshop on Quality of 
  Service", address="London", month="June", year="1999"}

@inproceedings{brewer-harvest-yield,
  author="Armando Fox and Eric A. Brewer",
  title="Harvest, Yield and Scalable Tolerant Systems",
  booktitle=proc # "the 1999 Workshop on Hot Topics in Operating 
  Systems",
  address="Rio Rico, Arizona", month="March", year="1999"}

@book{gof-patterns,
  title="Design Patterns: Elements of Reusable Object-Oriented Software",
  author="Erich Gamma and Richard Helm and Ralph Johnson and John 
  Vlissides",
  publisher = {Addison-Wesley}, year = {1994}}

@article{schmidt-patterns-acm,
  title="Software Patterns",
  author="Douglas C. Schmidt and Ralph E. Johnson and Mohamed Fayad",
  journal="Communications of the ACM, Special Issue on Patterns and 
  Pattern Languages", volume={39}, number={10}, month={October}, year={1996}}

@misc{harchol-balter-lecture-notes,
  title="Performance Modeling and Design of Computer Systems",
  author="Mor Harchol-Balter",
  howpublished={Unpublished lecture notes,
  \url{http://www-2.cs.cmu.edu/~harchol/Perfclass/class.html}}}

@article{jackson-networks,
  author="J.R. Jackon",
  title="Jobshop-like queueing systems",
  journal="Management Science", volume={10}, number={1},
  month="October", year="1963", pages={131-142}}

@article{bcmp-networks,
 author="F. Baskett and K. M. Chandy and R. R. Muntz and F. G. Palacios",
 title="Open, Closed, and Mixed Networks of Queues with Different Classes of
 Customers",
 journal="Journal of the ACM",
 volume={22}, number={2}, month="April", year="1975", pages={248-260}}

@article{schmidt-design-frameworks,
  title="Object-Oriented Application Frameworks",
  author="Mohamed Fayad and Douglas C. Schmidt",
  journal="Communications of the ACM, Special Issue on Object-Oriented 
  Application Frameworks",
  volume={40}, number={10}, month="October", year="1997"}

@misc{posix-aio,
  author={{SGI, Inc.}},
  title={{POSIX Asynchronous I/O}},
  howpublished={\url{http://oss.sgi.com/projects/kaio/}}}

@misc{rfc2616,
  author="R. Fielding and J. Gettys and J. Mogul and H. Frystyk and
  L. Masinter and P. Leach and T. Berners-Lee",
  title={{Hypertext Transfer Protocol -- HTTP/1.1}},
  howpublished={Internet Network Working Group RFC2616}, month="June",
  year="1999"}

@misc{tls,
  author="T. Dierks and C. Allen",
  title={{The TLS Protocol Version 1.0}},
  howpublished={Internet Network Working Group RFC2246},
  month="January", year="1999"}

@misc{puretls,
  author={{Claymore Systems, Inc.}},
  title={{PureTLS}},
  howpublished={\url{http://www.rtfm.com/puretls/}}}

@misc{cryptix,
  author={{The Cryptix Foundation Limited}},
  title={Cryptix},
  howpublished={\url{http://www.cryptix.org}}}

@techreport{park-complexity,
  author="R. Park",
  title="Software Size Measurement: A Framework for Counting Source 
  Statements",
  institution="Carnegie-Mellon Software Engineering Institute",
  number="CMU/SEI-92-TR-020", month="September", year="1992"}

@misc{mysql,
  author={{MySQL AB}},
  title={{MySQL}},
  howpublished={\url{http://www.mysql.com}}}

@misc{jython,
  author={{The Jython Project}},
  howpublished={\url{http://www.jython.org}}}

@book{perf-modeling-book,
  author="S. S. Lavenberg",
  title="Computer Performance Modeling Handbook",
  publisher={Academic Press}, year="1983"}

@misc{zdnet-msn-outage,
  author="Joe Wilcox",
  title={{Users say MSN outage continues}, {{\em ZDNet News}}},
  month={July}, year={2001},
  howpublished={\url{http://zdnet.com.com/2100-11-269529.html}}}

@misc{nielsen-netratings,
  author={{Nielsen//NetRatings}},
  title={{Nielsen//NetRatings finds strong global growth in monthly Internet 
    sessions and time spent online between April 2001 and April 2002}},
  month={{June}}, year={{2002}},
  howpublished={\url{http://www.nielsen-netratings.com/pr/pr_020610_global.pdf}}}

@misc{cnn-starr-report,
  author={{CNN}},
  title={{20 million Americans see Starr's report on Internet}},
  howpublished={\url{http://www.cnn.com/TECH/computing/9809/13/internet.starr/}},
  month={September}, year={1998}}

@misc{cnet-victorias-article,
  author="John Borland",
  title={{Net video not yet ready for prime time}, {{\em CNET news.com}}},
  howpublished={\url{http://news.cnet.com/news/0-1004-200-338361.html}},
  month="February", year="1999"}

@inproceedings{pcr,
  author="M. Weiser and A. Demers and C. Hauser",
  title="The Portable Common Runtime Approach to Interoperability",
  booktitle=proc # "the 12th Sumposium on Operating Systems 
  Principles", month="December", year="1989"}

@article{fastthreads,
  author="Thomas E. Anderson and Edward D. Lazowska and Henry M. Levy",
  title="The performance implications of thread management alternatives 
  for shared-memory multiprocessors", 
  journal="IEEE Transactions on Computers",
  volume={38}, number={12}, pages={1631-1644},
  month="December", year="1989"}

@inproceedings{click-smp,
  author="Benjie Chen and Robert Morris",
  title="Flexible Control of Parallelism in a Multiprocessor {PC} Router",
  booktitle=proc # "the 2001 USENIX Annual Technical Conference
  (USENIX '01)",
  month="June", year="2001", address="Boston"}

@inproceedings{larus-stagedserver,
  author = "J. Larus and M. Parkes",
  title = "Using Cohort Scheduling to Enhance Server Performance",
  booktitle=proc # "the 2002 USENIX Annual Technical Conference
  (USENIX '02)", month="June", year="2002", address="Monterey, CA"}

@inproceedings{upcalls,
  author="D. D. Clark",
  title="The structuring of systems using upcalls",
  booktitle=proc # "the Tenth " #sosp, month="December", year="1985"}

@inproceedings{mcnamee-uservm,
 author="D. McNamee and K. Armstrong",
 title="Extending the {M}ach External Pager Interface to Accommodate 
 User-Level Page Replacement Policies",
 booktitle=proc # "the USENIX Mach Symposium",
 year={1990}}

@inproceedings{graybox-buffer,
  title="Exploiting Gray-Box Knowledge of Buffer-Cache Contents",
  author="Nathan C. Burnett and John Bent and Andrea C. Arpaci-Dusseau 
  and Remzi H. Arpaci-Dusseau",
  booktitle=proc # "the 2002 USENIX Annual Technical Conference 
  (USENIX '02)", month="June", year="2002", address="Monterey, CA"}

@inproceedings{graybox-sosp,
  title="Information and Control in Gray-Box Systems",
  author="Andrea C. Arpaci-Dusseau and Remzi H. Arpaci-Dusseau",
  booktitle=proc # "the 18th " #sosp# " (SOSP '01)",
  month="October", year="2001", address="Banff, Canada"}

@inproceedings{shenker-mbac,
  author="Lee Breslau and Sugih Jamin and Scott Shenker",
  title="Comments on the Performance of Measurement-Based Admission 
  Control Algorithms", booktitle=proc # "IEEE INFOCOM 2000",
  address="Tel Aviv, Israel", month="March", year="2000"}

@inproceedings{endpt-ac,
  author="L. Breslau and E. W. Knightly and S. Shenker and I. Stoica and 
  H. Zhang", 
  title="Endpoint Admission Control: Architectural Issues and Performance",
  booktitle=proc # "ACM SIGCOMM 2000",
  address="Stockholm, Sweeden", month="October", year="2000"}

@techreport{hpl-session-ac,
  title="Session Based Admission Control: A Mechanism for Improving the 
    Performance of an Overloaded {W}eb Server",
  author="L. Cherkasova and P. Phaal",
  institution={HP Labs}, number={HPL-98-119}, month="June", year="1998"}

@inproceedings{kkant-overload,
  author="R. Iyer and V. Tewari and K. Kant",
  title="Overload Control Mechanisms for {W}eb Servers",
  booktitle="Workshop on Performance and {QoS} of Next Generation 
  Networks", month="November", year="2000", address="Nagoya, Japan"}

@inproceedings{ibm-mimo,
  title="Using {MIMO} Feedback Control to Enforce Policies for 
  Interrelated Metrics With Application to the {A}pache {W}eb Server",
  author="Yixin Diao and Neha Gandhi and Joseph Hellerstein and Sujay 
  Parekh and Dawn Tilbury",
  booktitle=proc # "the Network Operations and Management Symposium 2002",
  address="Florence, Italy", month="April", year="2002"}

@inproceedings{latency-envelopes,
  author="V. Kanodia and E. Knightly",
  title="Multi-Class Latency-Bounded {W}eb Services",
  booktitle=proc # "IEEE/IFIP IWQoS 2000",
  address="Pittsburgh, PA", month="June", year="2000"}

@inproceedings{ellis-transcoding,
  title="Differentiated Multimedia {W}eb Services Using Quality Aware 
  Transcoding", 
  author="Surendar Chandra and Carla Schlatter Ellis and Amin Vahdat",
  booktitle=proc # "IEEE INFOCOM 2000", month="March", year="2000"}

@inproceedings{chen-mohapatra-session,
  author="H. Chen and P. Mohapatra",
  title="Session-Based Overload Control in {QoS}-Aware 
  {W}eb Servers",
  booktitle=proc # "IEEE INFOCOM 2002",
  month="June", year="2002", address="New York"}

@inproceedings{keshav-tcp,
  author="S. Keshav",
  title="A Control-theoretic Approach to Flow Control",
  booktitle=proc # "ACM SIGCOMM 1991",
  month="September", year="1991"}

@inproceedings{dina-katabi-tcp,
  author="Dina Katabi and Mark Handley and Charles Rohrs",
  title="{I}nternet Congestion Control for Future High Bandwidth-Delay 
  Product Environments",
  booktitle=proc # "ACM SIGCOMM 2002",
  month="August", year="2002", address="Pittsburgh, PA"}

@inproceedings{jmh-aggregation,
  title="Online Aggregation",
  author="Joe Hellerstein and Peter J. Haas and Helen J. Wang",
  booktitle=proc # "the ACM-SIGMOD International Conference on 
  Management of Data", address="Tucson", month="May", year="1997"}

@techreport{srpt-overload,
  author="Bianca Schroeder and Mor Harchol-Balter",
  title="{W}eb servers under overload: How scheduling can help",
  institution="Carnegie-Mellon University",
  number="CMU-CS-02-143", month="June", year="2002"}

@misc{etrade-suit,
  author={{Superior Court of Santa Clara County, California}},
  title={{Cooper v. E*Trade Group, Inc.}},
  howpublished={Case No. CV770328, 
  \url{http://www.cybersecuritieslaw.com/lawsuits/primary_sources/cooper_v_etrade.htm}},
  month="November", year="1997"}

@book{jain-book,
   author    = {R. Jain},
   title     = {{The Art of Computer Systems Performance Analysis}},
   publisher = {John Wiley and Sons, Inc.},
   address   = {New York},
   year      = {1991}
}

@book{partridge-book,
  author = {C. Partridge},
  title = {{Gigabit Networking}},
  publisher = {Addison-Wesley},
  year = {1993}}

@inproceedings{olshefski-response-time,
  title={Inferring Client Response Time at the {W}eb Server},
  author={David P. Olshefski and Jason Nieh and Dakshi Agrawal},
  booktitle=proc # "SIGMETRICS 2002",
  month={June}, year={2002}, address={Marina Del Rey, California}}

@inproceedings{rajamony-response-time,
  author={R. Rajamony and M. Elnozahy},
  title={Measuring Client-Perceived Response Times on the {WWW}},
  booktitle= proc # "the 3rd USENIX Symposium on Internet Technologies and 
  Systems (USITS)", month="March", year="2001"}

@inproceedings{qie-osdi,
  author={X. Qie and R. Pang and L. Peterson},
  title={Defensive Programming: Using an Annotation Toolkit to Build
  {DoS}-Resistant Software},
  booktitle= proc # "the 5th " # osdi # " (OSDI 2002)",
  month="December", year="2002"}

@phdthesis{mdw-thesis,
  author="Matt Welsh",
  title="An Architecture for Highly Concurrent, Well-Conditioned Internet Services",
  school="UC Berkeley",
  month="August", year="2002"}

@inproceedings{tinyos-asplos00,
    author = "Jason Hill and Robert Szewczyk and Alec Woo and Seth
    Hollar and David E. Culler and Kristofer S. J. Pister",
    title = "System Architecture Directions for Networked Sensors",
    booktitle = proc # "the 9th International Conference on Architectural
    Support for Programming Languages and Operating Systems",
    month = nov,
    pages = "93-104", year = "2000", address="Boston, MA, USA" }

@inproceedings{tossim,
  author = "Philip Levis and Nelson Lee and Matt Welsh and David Culler", 
  title="{TOSSIM}: {A}ccurate and Scalable Simulation of Entire {TinyOS} 
  Applications", 
  booktitle= proc # "the First ACM Conference on Embedded Networked Sensor 
  Systems (SenSys 2003)",
  month = "November", year = "2003"}

@inproceedings{diffusion,
    author = "Chalermek Intanagonwiwat and Ramesh Govindan and Deborah Estrin", 
    title = "Directed diffusion: {A} scalable and robust communication 
    paradigm for sensor networks", 
    booktitle = proc # "International Conference on Mobile Computing 
    and Networking", month = aug, year = "2000"}

@inproceedings{tinydb-osdi,
  Title = {{TAG: A Tiny AGgregation Service for Ad-Hoc 
  Sensor Networks}}, 
  Author = {Samuel Madden and Michael J. Franklin and Joseph M. 
  Hellerstein and Wei Hong}, 
  booktitle = proc # "the 5th " # osdi,
  month="December", year="2002"}

@inproceedings{tinydb-sigmod,
  title="The Design of an Acquisitional Query Processor For Sensor
  Networks", 
  author = {Samuel Madden and Michael J. Franklin and Joseph M.
  Hellerstein and Wei Hong},
  booktitle = proc # "the ACM SIGMOD 2003 Conference",
  month="June", year="2003"}

@inproceedings{kottapalli-structural-health,
  title="Two-Tiered Wireless Sensor Network Architecture for Structural 
  Health Monitoring", 
  author="Venkata A. Kottapalli and Anne S. Kiremidjian and Jerome P.
  Lynch and Ed Carryer and Thomas W. Kenny and Kincho H. Law and Ying
  Lei", 
  booktitle = proc # "the SPIE 10th Annual International Symposium on 
  Smart Structures and Materials", 
  address="San Diego, CA", month="March", year="2000"}

@inproceedings{dual-space,
 title="A Dual-Space Approach to Tracking and Sensor Management in 
 Wireless Sensor Networks", 
 author="Jie Liu and Patrick Cheung and Leonidas Guibas and Feng Zhao",
 booktitle= proc # " First ACM International Workshop on Wireless 
 Sensor Networks and Applications", month="September", year="2002"}

@inproceedings{heidemann-sosp01,
  author="John S. Heidemann and Fabio Silva and Chalermek Intanagonwiwat
  and Ramesh Govindan and Deborah Estrin and Deepak Ganesan",
  title="Building Efficient Wireless Sensor Networks with Low-Level
  Naming",
  booktitle=proc # "the 18th " #sosp,
  month="October", year="2001", address="Banff, Canada"}

@inproceedings{ mainwaring-habitat,
  author = "Alan Mainwaring and Joseph Polastre and Robert Szewczyk and
David Culler and John Anderson",
  title = "Wireless Sensor Networks for Habitat Monitoring",
  booktitle = "ACM International Workshop on Wireless Sensor Networks
and Applications (WSNA'02)",
  address = "Atlanta, GA, USA",
  month = Sep, day = 28, year = 2002,
  howpublished={\url{citeseer.nj.nec.com/mainwaring02wireless.html}}}

@misc{glaser-smart-buildings,
 howpublished={\url{http://www.citris.berkeley.edu/applications/disaster_response/smartbuildings.html}},
 title="Smart Buildings Admit Their Faults",
 author={{Center for Information Technology Research in the Interest of
 Society}},
 year="2002"}

@misc{uav-tracking,
  howpublished={\url{http://robotics.eecs.berkeley.edu/~pister/29Palms0103/}},
  title="Tracking vehicles with a UAV-delivered sensor network",
  author="Kristofer S.J. Pister",
  month="March", year="2001"}

@INPROCEEDINGS{cerpa-habitat,
  author = "Alberto Cerpa and Jeremy Elson and Deborah Estrin and Lewis 
    Girod and Michael Hamilton and Jerry Zhao",
  title = "Habitat monitoring: {A}pplication driver for wireless 
  communications technology", 
  booktitle = proc # "the Workshop on Data Communications in Latin 
  America and the Caribbean", month = apr, year = 2001 
}   

@techreport{ght-techreport,
 author="S. Ratnasamy and B. Karp and S. Shenker and D. Estrin and 
 R. Govindan and L. Yin and F. Yu", 
 title="Data-Centric Storage in Sensornets with {GHT}, A Geographic Hash 
 Table",
 institution="Intel Research Berkeley", 
 number="IRB-TR-03-006", month="March", year="2003"}

@misc{cringely,
  author="Robert X. Cringely",
  title={{Chase Cringely: Finding Meaning in a Lost Life}},
  howpublished={\url{http://www.pbs.org/cringely/pulpit/pulpit20020425.html}}}

@article{ibean-medical,
 title="An Ultra-low Power, Self-organizing Wireless Network and Its 
 Applications to Noninvasive Biomedical Instrumentation",
 author="Sokwoo Rhee and Sheng Liu", 
 journal = proc # "IEEE/Sarnoff Symposium on Advances in Wired and 
 Wireless Communications", month="March", year="2002"}

@inproceedings{boulis-aggregation,
  author="A. Boulis and S. Ganeriwal and M. B. Srivastava", 
  title="Aggregation in sensor networks: {A}n energy - accuracy
  tradeoff",
  booktitle=proc # "IEEE workshop on Sensor Network Protocols and 
  Applications", year="2003"}

@misc{adlakha-tradeoffs,
  title="Density, Accuracy, Latency and Lifetime Tradeoffs in Wireless 
  Sensor Networks - A Multidimensional Design Perspective",
  author="Sachin Adlakha and Saurabh Ganeriwal and Curt Schurgers and 
  Mani B. Srivastava",
  howpublished="In review", year=2003}

@inproceedings{difs,
  title="{DIFS}: {A} Distributed Index for Features in Sensor Networks",
  author="Benjamin Greenstein and Deborah Estrin and Ramesh Govindan and 
  Sylvia Ratnasamy and Scott Shenker",
  booktitle= proc # "the First IEEE International Workshop on Sensor 
  Network Protocols and Applications", month="May", year="2003"}

@inproceedings{mit-spin,
  author="Wendi Heinzelman and Joanna Kulik and Hari Balakrishnan",
  title="Adaptive Protocols for Information Dissemination in Wireless 
  Sensor Networks",
  booktitle = proc # "the 5th ACM/IEEE Mobicom Conference", 
  month="August", year="1999"}

@inproceedings{yaograph,
  title="Sparse Power Efficient Topology for Wireless Networks",
  author="X.-Y. Li and P.-J. Wan and Y. Wang and O. Frieder",
  booktitle = proc # "35th Annual Hawaii International Conference on 
  System Sciences", month="January", year="2002"}

@inproceedings{nesc-pldi03,
  title={The {nesC} Language: {A} Holistic Approach to Networked Embedded 
  Systems}, 
  author="David Gay and Phil Levis and Rob von Behren and Matt Welsh and 
  Eric Brewer and David Culler", 
  booktitle=proc # " Programming Language Design and Implementation (PLDI)",
  month="June", year=2003}

@inproceedings{yinxu-tracking,
  author="Yingqi Xu and Wang-Chien Lee",
  title="On Localized Prediction for Power Efficient Object Tracking in 
    Sensor Networks",
  booktitle= proc # "1st International Workshop on Mobile Distributed 
  Computing", month="May", year="2003"}

@article{brooks-tracking,
 author="R. Brooks and P. Ramanathan and A. Sayeed", 
 title="Distributed target classification and tracking in sensor networks",
 howpublished="To appear", journal="Proceedings of the IEEE",
 month="November", year="2003"}

@misc{cory-communication,
  author="Cory Sharp",
  title="Personal communication",
  year="2003"}

@article{shewchuk-delaunay,
  author="Jonathan Shewchuk",
  title="Delaunay Refinement Algorithms for Triangular Mesh Generation",
  journal="Computational Geometry: Theory and Applications",
  volume="22", number="1-3", pages="21-74", month="May", year="2002"}

@inproceedings{dimensions-sensys03,
  title="An evaluation of multi-resolution search and storage in 
  resource-constrained sensor networks",
  author="Deepak Ganesan and Ben Greenstein and Denis Perelyubskiy and
  Deborah Estrin and John Heidemann", 
  booktitle=proc # "the First ACM
  Conference on Embedded Networked Sensor Systems (SenSys 2003)",
  month="November", year="2003"}

@article{li-tracking,
 author="Dan Li and Kerry Wong and Yu Hen Hu and Akbar Sayeed",
 title="Detection, classification and tracking of targets in distributed 
 sensor networks",
 journal="IEEE Signal Processing Magazine", volume="19", number="2", 
 month="March", year="2002"}

@inproceedings{awoo-multihop,
  title="Taming the Underlying Challenges of Reliable Multihop Routing in 
  Sensor Networks", 
  author="Alec Woo and Terence Tong and David Culler",
  booktitle=proc # "the First ACM
  Conference on Embedded Networked Sensor Systems (SenSys 2003)",
  month="November", year="2003"}

@inproceedings{ght-wsna02,
  author = "S. Ratnasamy and B. Karp and L. Yin and F. Yu and D. Estrin 
  and R. Govindan and S. Shenker",
  title = "{GHT}: {A} Geographic Hash Table for Data-Centric Storage 
  in SensorNets", 
  booktitle=proc # "the First ACM International Workshop on Wireless 
  Sensor Networks and Applications (WSNA)", address="Atlanta, Georgia", 
  month="September", year="2002"}

@inproceedings{gpsr-mcn00,
    author = "Brad Karp and H. T. Kung",
    title = "{GPSR}: {G}reedy perimeter stateless routing for wireless 
    networks", 
    booktitle = proc # "the Sixth Annual ACM/IEEE International Conference 
    on Mobile Computing and Networking (MobiCom 2000)", 
    address="Boston, MA", month="August", year="2000"}

@article{cougar-sigmodrecord,
  author="Yong Yao and J. E. Gehrke",
  title="The {C}ougar Approach to In-Network Query Processing in Sensor 
    Networks",
  journal="ACM Sigmod Record", volume="31", number="3",
  month="September", year="2002"}

@techreport{irisnet-tr,
  title="{IrisNet}: {A}n Architecture for Enabling Sensor-Enriched {I}nternet Service",
  author="Suman Nath and Yan Ke and Phillip B. Gibbons and Brad Karp and Srinivasan Seshan",
  institution="Intel Research Pittsburgh",
  number="IRP-TR-03-04", month="June", year="2003"}

@inproceedings{beyond-average,
  author="Joseph M. Hellerstein and Wei Hong and Samuel Madden and Kyle Stanek", 
  title="Beyond Average: {T}owards Sophisticated Sensing with Queries",
  booktitle=proc # "the 2nd International Workshop on Information 
    Processing in Sensor Networks (IPSN '03)", 
  month="March", year="2003"}

@inproceedings{adya-cooperative-task,
  title="Cooperative Task Management without Manual Stack Management, 
   or, Event-driven Programming is Not the Opposite of Threaded
Programming", 
  author="Atul Adya and Jon Howell and Marvin Theimer and William J.  Bolosky and John R.  Douceur",
  booktitle=proc # "the USENIX 2002 Annual Conference",
  month="June", year="2002"}

@inproceedings{edgedet-wsna02,
  author="J. Liu and P. Cheung and L. Guibas and F. Zhao", 
  title="A Dual-Space Approach to Tracking and Sensor Management in 
   Wireless Sensor Networks", 
  booktitle=proc # "the First ACM International Workshop on Wireless 
  Sensor Networks and Applications (WSNA)", address="Atlanta, Georgia", 
  month="September", year="2002"}

@misc{estrin-contaminant,
  author={{Center for Embedded Network Sensing}},
  title="Contaminant Transport Monitoring",
  howpublished={\url{http://cens.ucla.edu/Research/Applications/ctm.htm}}}

@book{mpi-book,
  author="William Gropp and Ewing Lusk and Anthony Skjellum", 
  title={{Using MPI: Portable Parallel Programming with the Message 
  Passing Interface}}, 
  publisher="MIT Press", 
  address="Cambridge, Massachusetts", 
  year="1994"}

@misc{ress-abstract,
  title="Resuscitation Monitoring With a Wireless Sensor Network", 
  author="Matt Welsh and Dan Myung and Mark Gaynor and Steve Moulton",
  howpublished="In {\em Supplement to Circulation: Journal of the American Heart
  Association}, October 28, 2003."}

@inproceedings{dist-hotnets03,
  title="Exposing Resource Tradeoffs in Region-Based Communication 
  Abstractions for Sensor Networks", 
  author="Matt Welsh",
  booktitle = proc # "the 2nd ACM Workshop on Hot Topics in Networks 
  (HotNets-II)", month="November", year="2003"}

@inproceedings{spatial-programming,
  title="Spatial Programming using Smart Messages: Design and 
  Implementation",
  author="Cristian Borcea and Chalermek Intanagonwiwat and Porlin Kang
  and Ulrich Kremer and Liviu Iftode", 
  booktitle = proc # "the 24th International Conference on Distributed 
  Computing Systems (ICDCS 2004)", month="March", year="2004"}

@inproceedings{hoods-mobisys, 
  author="Kamin Whitehouse and Cory Sharp and Eric Brewer and David Culler",
  title="Hood: {A} Neighborhood Abstraction for Sensor Networks",
  booktitle = proc # "the International Conference on Mobile Systems, 
  Applications, and Services (MOBISYS `04)", 
  location="Boston, MA", month = {June}, year = {2004}
}

%%%%%%%%%%%%%%%%%%%%%%%%%%%%%%%%%%%%%%%%%%%%%%%%%%%%%%%%%%%%%%%%%%%%%%%%%%

%%%%%%%%%%%%%%%%%%%%%%%%%%%%%%%%%%%%%%%%%%%%%%%%%%%%%%%%%%%%%%%%%%%%%%
%                                                                    %
%   Market-Oriented Programming, Sensor nets bibliography            %     
%                                                                    %
%%%%%%%%%%%%%%%%%%%%%%%%%%%%%%%%%%%%%%%%%%%%%%%%%%%%%%%%%%%%%%%%%%%%%%

%%
%%
%% Entries
%%
%%


@book{Mas-ColellWhGr95,
author=         {Mas-Colell, Andreu and Michael D. Whinston and Jerry R. Green},
title=          {Microecononmic Theory},
publisher=      {Oxford University Press},
year=           1995,
}

@inproceedings{MainwaringPoSzCuAn02,
author = {Mainwaring, Alan and Joseph Polastre and Robert Szewczyk and David Culler and John Anderson},
title = {Wireless Sensor Networks for Habitat Monitoring},
booktitle = {ACM International Workshop on Wireless Sensor Networks and Applications (WSNA '02)},
month = {September},
address = {Atlanta, GA, USA},
year = 2002
}

@inproceedings{KottapalliKiLyCaKeLaLe00,
author = {Kottapalli, Venkata A. and Anne S. Kiremidjian and Jerome P. Lynch and Ed Carryer and Thomas W. Kenny and Kincho H. Law and Ying Lei},
title = {Two-tiered wireless sensor network architecture for structural health monitoring},
booktitle = {Proc. the SPIE 10th Annual International Symposium on Smart Structures and Materials},
month = {March},
address = {San Diego, CA},
year = 2000
}

@inproceedings{HillSzWoHoCuPi00,
author = {Hill, Jason and Robert Szewczyk and Alec Woo and Seth Hollar and David Culler and Kristofer Pister},
title = {System Architecture Directions for Networked Sensors},
booktitle = {Proc. the 9th International Conference on Architectural Support for Programming Languages and Operating Systems},
month = {November},
address = {Boston, MA, USA},
pages = {243--254},
year = 2000
}

@inproceedings{HeidemannSiInGoEsGa01,
author = {Heidemann, John and Fabio Silva and Chalermek Intanagonwiwat and Ramesh Govindan and Deborah Estrin and Deepak Ganesan},
title = {Building Efficient Wireless Sensor Networks with Low-Level Naming},
booktitle = {Proc. the 18th SOSP},
month = {October},
address = {Banff, Canada},
year = 2001
}

@inproceedings{MaddenFrHe03,
author = {Madden, Samuel and Michael J. Franklin and Joseph M. Hellerstein},
title = {The Design of an Acquisitional Query Processor},
booktitle = {Proc. the ACM SIGMOD 2003 Conference},
month = {June},
year = 2003
}

@inproceedings{HellersteinHoMaSt03,
author = {Hellerstein, Joseph M. and Wei Hong and Samuel Madden and Kyle Stanek},
title = {Beyond Average: Toward Sophisticated Sensing with Queries},
booktitle = {Proc. the 2nd International Workshop on Information Processing in Sensor Networks (IPSN '03)},
month = {March},
year = 2003
}

@inproceedings{Adjie-WinotoScBaLi99,
author = {Adjie-Winoto, William and Eliot Schwartz and Hari Balakrishnan and Jeremy Lilley},
title = {The design and implementation of an intentional naming system},
booktitle = {Proceedings of the 17th Symposium on Operating System Principles},
pages = {186--201},
month = {December},
address = {Kiawah Island, SC, USA},
publisher = {ACM},
year = 1999
}


@article{Wellman93,
author=		{Michael P. Wellman},
title=		{A market-oriented programming environment and its application to distributed multicommodity flow problems},
journal=	{Journal of Artificial Intelligence Research},
volume=		1,
year=		1993,
pages=		{1--22}
}

@article{ChengWe98,
author=		{Cheng, John Q. and Michael P. Wellman},
title=		{The {WALRAS} algorithm: A convergent distributed implementation of general equilibrium outcomes},
journal=	{Computational Economics},
volume=		12,
year=		1998,
pages=		{1--24}
}

@inproceedings{MullenWe95,
author = {Mullen, Tracy and Michael P. Wellman},
title = {A simple computational market for network information services},
booktitle = {First International Conference on Multiagent Systems},
pages = {283--289},
year = 1995
}

@inproceedings{MullenWe96a,
author = {Mullen, Tracy and Michael P. Wellman},
title = {Market-Based Negotiation for Digital Library Services},
booktitle = {Proceedings of the Second USENIX Workshop on Electronic Commerce},
address = {Oakland, CA},
month = {November},
year = 1996
}

@inproceedings{MullenWe96b,
author = {Mullen, Tracy and Michael P. Wellman},
title = {Some Issues in the Design of Market-Oriented Agents},
booktitle = {Intelligent Agents: Theories, Architectures and Languages},
volume = 2,
publisher = {Springer-Verlag},
editor = {Wooldridge et al.},
year = 1996
}

@incollection{Wellman96,
author     = "Wellman, Michael P.",
title      = "Market-Oriented Programming: Some Early Lessons",
booktitle  = "Market-Based Control: A Paradigm for Distributed Resource Allocation",
year       = 1996,
editor     = "S. Clearwater",
publisher  = "World Scientific",
}

@unpublished{Welsh03,
author=       {Welsh, Matt},
title=        {Programming Sensor Networks using Abstract Regions},
note=         {Draft},
year=         {2003}
}

@inproceedings{regions-hotnets03,
  title="Exposing Resource Tradeoffs in Region-Based Communication
  Abstractions for Sensor Networks",
  author="Matt Welsh",
  booktitle = proc # "the 2nd ACM Workshop on Hot Topics in Networks
  (HotNets-II)", month="November", year="2003"}

@inproceedings{regions-nsdi04,
  title="Programming Sensor Networks Using Abstract Regions",
  author="Matt Welsh and Geoff Mainland",
  booktitle=proc # "the First USENIX/ACM Symposium on Networked Systems
  Design and Implementation (NSDI '04)", month="March", year="2004"}

@inproceedings{Welsh03,
  title="Programming Sensor Networks Using Abstract Regions",
  author="Matt Welsh and Geoff Mainland",
  booktitle=proc # "the First USENIX/ACM Symposium on Networked Systems
  Design and Implementation (NSDI '04)", month="March", year="2004"}

@misc{nert-abstract, 
  title="{Vital Dust}: {W}ireless sensors and a sensor network for 
  real-time patient monitoring",
  author="Dan Myung and Breanne Duncan and David Malan and Matt Welsh
  and Mark Gaynor and Steve Moulton",
  howpublished="Poster, 8th Annual New England Regional Trauma Conference, November 20-21, 2003, Burlington, MA."}

@inproceedings{mate,
  author="Philip Levis and David Culler",
  title="Mat\'{e}: {A} Tiny Virtual Machine for Sensor Networks",
  booktitle=proc # "the 10th International Conference on Architectural 
  Support for Programming Languages and Operating Systems (ASPLOS X)", 
  year=2002}

@TechReport{kakade04,
  author =       {S Kakade and M Kearns and L Ortiz},
  title =        {Graphical Economics},
  institution =  {Univ. of Pennsylvania},
  year =         2004} 


@book{mascolell95,
  author =   "Andreu Mas-Colell and Michael D Whinston and Jerry R Green",
  title =    "Microeconomic Theory",
  publisher =    "Oxford University Press",
  year =     1995 }

@techreport{deluge-projreport,
  author="Adam Chlipala and Jonathan W. Hui and Gilman Tolle", 
  title="Deluge: {D}issemination Protocols for Network Programming at 
  Scale",
  institution = "UC Berkeley",
  month="December", year="2003"}

@Book{clearwater96,
  editor =       "Scott H Clearwater",
  booktitle =    "Market-Based Control: A Paradigm for Distributed 
    Resource Allocation", 
  title = "Market-Based Control: A Paradigm for Distributed Resource 
    Allocation", 
  publisher =    "World Scientific", year =         "1996" }

@inproceedings{codeblue-wames,
  title={{CodeBlue: An ad hoc sensor network infrastructure for
  emergency medical care}},
  author="David Malan and Thaddeus Fulford-Jones and Matt Welsh and
  Steve Moulton",
  booktitle=proc # "MobiSys 2004 Workshop on Applications of Mobile
  Embedded Systems (WAMES 2004)",
  month="June", year=2004}

@article{codeblue-ieeepc,
  title={{Sensor Networks for Emergency Response: Challenges and
  Opportunities}}, 
author="Konrad Lorincz and David Malan and Thaddeus R. F. Fulford-Jones
  and Alan Nawoj and Antony Clavel and Victor Shnayder and
  Geoff Mainland and Steve Moulton and Matt Welsh",
  journal="IEEE Pervasive Computing", month="Oct-Dec", year=2004}

@book{lesser-book,
  title="Distributed Sensor Networks: A Multiagent Perspective",
  editor="Victor Lesser and Charles L. Ortiz and Milind Tambe",
  publisher="Kluwer Academic Publishers", year=2003}

@article{fengzhao-collaborative,
  author="F. Zhao and J. Liu and J. Liu and L. Guibas and J. Reich", 
  title="Collaborative Signal and Information Processing: An Information 
  Directed Approach",
  journal= proc # "the IEEE", volume=91, number=8, 
  pages="1199-1209", year=2003}

@inproceedings{schurgers-stem,
  title="Topology Management for Sensor Networks: Exploiting Latency 
    and Density", 
  author="Curt Schurgers and Vlasios Tsiatsis and Saurabh Ganeriwal 
  and Mani Srivastava", 
  booktitle=proc # "MobiHoc", year=2002}

@inproceedings{leach,
  author="W. Heinzelman and A. Chandrakasan and H. Balakrishnan",
  title="Energy-Efficient Communication Protocol for Wireless 
  Microsensor Networks",
  booktitle=proc # "the 33rd Hawaii International Conference on 
  System Sciences (HICSS)", month="January", year=2000}

@inproceedings{trickle,
  author="Philip Levis and Neil Patel and Scott Shenker and David Culler",
  title="Trickle: {A} Self-Regulating Algorithm for Code Propagation 
    and Maintenance in Wireless Sensor Networks",
  booktitle= proc # "the First USENIX/ACM Symposium on Networked Systems 
  Design and Implementation (NSDI)", year=2004}

@inproceedings{jeffsh-mechanism-design,
  title="Rationality and Self-Interest in Peer to Peer Networks", 
  author="Jeffrey Shneidman and David C. Parkes",
  booktitle= proc # "the 2nd International Workshop on Peer-to-Peer 
  Systems (IPTPS)", year=2003}

@book{sutton-barto,
  title="Reinforcement Learning: An Introduction",
  author="Richard S. Sutton and Andrew G. Barto",
  publisher="MIT Press", address="Cambridge, MA", year=1998}

@misc{gpsr-lazy-binding,
  author="T. He and B. Blum and J. Stankovic and S. Son and T.
  Abdelzaher",  
  title="A Lazy-Binding Communication Protocol for Highly Dynamic 
  Wireless Sensor Networks",
  howpublished="to appear"}

@inproceedings{regiment-dmsn04,
  title={Region Streams: {F}unctional Macroprogramming for Sensor
  Networks}, 
  author="Ryan Newton and Matt Welsh", 
  booktitle=proc # "the First International Workshop on Data Management
  for Sensor Networks (DMSN)",
  address="Toronto, Canada", month="August", year=2004}

@inproceedings{mbm-sigops04,
  title="Using Virtual Markets to Program Global Behavior in Sensor
  Networks",
  author="Laura Kang and Sebastien Lahaie and Geoff Mainland and David
  C. Parkes and Matt Welsh",
  booktitle="Proc. 11th ACM SIGOPS European Workshop",
  address="Leuven, Belgium",
  month="September", year=2004}

@inproceedings{chun-oasis,
  title="Resource Allocation in Federated Distributed Computing 
  Infrastructures", 
  author="Alvin AuYoung and Alex C. Snoeren and Amin Vahdat and Brent Chun",
  booktitle=proc # "First Workshop on Operating System and Architectural 
  Support for the on demand IT InfraStructure",
  month="October", year=2004}

@phdthesis{buyya-thesis,
  title="Economic-based Distributed Resource Management and Scheduling
  for Grid Computing", 
  author="Rajkumar Buyya",
  school="Monash University", month="April", year=2002}

@article{waldspurger-spawn,
  author="Carl A. Waldspurger and Tad Hogg and Bernardo A. Huberman
  and Jeff O. Kephart and Scott Stornetta",
  title={{Spawn: A Distributed Computational Economy}}, 
  journal="IEEE Transactions on Software Engineering", 
  volume=18, number=2, pages="103-117", month="February", year=1992}

@inproceedings{medusa-econ,
  title="Contract-Based Load Management in Federated Distributed
  Systems", 
  author="Magdalena Balazinska and Hari Balakrishnan and Mike
  Stonebraker",
  booktitle=proc # "First Symposium on Networked Systems Design and 
  Implementation (NSDI '04)",
  month="March", year=2004}

@inproceedings{adhoc-vcg,
  title={{Ad hoc-VCG: a truthful and cost-efficient routing protocol for
  mobile ad hoc networks with selfish agents}},
  author="Luzi Anderegg and Stephan Eidenbenz",
  booktitle="Proc. MOBICOM'03", month="September", year=2003}

@article{shenker-future,
  author="S. Shenker",
  title="Fundamental Design Issues for the Future {I}nternet",
  journal="IEEE Journal on Selected Areas in Communications",
  volume=13, number=7, month="September", year=1995}

@inproceedings{regiment-ipsn05,
  title="Building up to Macroprogramming: An Intermediate Language for 
  Sensor Networks", 
  author="Ryan Newton and Arvind and Matt Welsh",
  booktitle = proc # "Fourth International Conference on Information 
  Processing in Sensor Networks (IPSN'05)", 
  month="April", year="2005"}

@inproceedings{stem,
  title="Topology Management for Sensor Networks: Exploiting Latency 
    and Density",
  author="Curt Schurgers and Vlasios Tsiatsis and Saurabh Ganeriwal
  and Mani Srivastava", 
  booktitle=proc # "MobiHoc", year=2002}

@inproceedings{volcano-ewsn05,
  title="Monitoring Volcanic Eruptions with a Wireless Sensor
Network",
  author="Geoff Werner-Allen and Jeff Johnson and Mario Ruiz and
  Jonathan Lees and Matt Welsh",
  booktitle=proc # "Second European Workshop on Wireless Sensor
Networks
  (EWSN'05)", month="January", year="2005"}

@inproceedings{tpsn,
  title="Timing-sync Protocol for Sensor Networks", 
  author="Saurabh Ganeriwal and Ram Kumar and Mani B. Srivastava",
  booktitle=proc # "ACM SenSys '03", month="November", year=2003}

@inproceedings{shooter-localization,
  title="Sensor network-based countersniper system", 
  author="Gyula Simon and others",
  booktitle=proc # "ACM SenSys '04", month="November", year=2004}

@inproceedings{s-mac,
  title="An Energy-Efficient {MAC} Protocol for Wireless Sensor
Networks", author="Wei Ye and John Heidemann and Deborah Estrin",
  booktitle=proc # "21st International Annual Joint Conference of 
the IEEE Computer and Communications Societies (INFOCOM)", 
  address="New York, NY", month="June", year=2002}

@inproceedings{t-mac,
  title="An Adaptive Energy-Efficient {MAC} Protocol for Wireless 
Sensor Networks", 
  author="T. van Dam and K. Langendoen",
  booktitle=proc # "1st ACM Conference on Embedded Networked Sensor 
Systems (SenSys 2003)", month="November", year=2003}

@inproceedings{wisan,
  title="A Wireless Sensor Network for Structural Monitoring",
  author="Ning Xu and Sumit Rangwala and Krishna Chintalapudi and 
  Deepak Ganesan and Alan Broad and Ramesh Govindan and 
  Deborah Estrin",
  booktitle=proc # "ACM SenSys '04", month="November", year=2004}
